Timestamp,SymbolID,Price,Size,Side
2018-04-24 13:30:00.016,ES.CME.M2018,2681.0,5,SELL
2018-04-24 13:30:00.016,ES.CME.M2018,2681.0,3,SELL
2018-04-24 13:30:00.016,ES.CME.M2018,2681.0,145,SELL
2018-04-24 13:30:00.016,ES.CME.M2018,2680.75,40,SELL
2018-04-24 13:30:00.016,ES.CME.M2018,2680.75,1,SELL
2018-04-24 13:30:00.016,ES.CME.M2018,2680.75,1,SELL
2018-04-24 13:30:00.016,ES.CME.M2018,2680.75,1,SELL
2018-04-24 13:30:00.016,ES.CME.M2018,2680.75,1,SELL
2018-04-24 13:30:00.016,ES.CME.M2018,2680.75,1,SELL
2018-04-24 13:30:00.016,ES.CME.M2018,2680.75,1,SELL
2018-04-24 13:30:00.016,ES.CME.M2018,2680.75,6,SELL
2018-04-24 13:30:00.016,ES.CME.M2018,2680.75,29,SELL
2018-04-24 13:30:00.016,ES.CME.M2018,2680.75,1,SELL
2018-04-24 13:30:00.016,ES.CME.M2018,2680.75,1,SELL
2018-04-24 13:30:00.016,ES.CME.M2018,2680.75,1,SELL
2018-04-24 13:30:00.016,ES.CME.M2018,2680.75,1,SELL
2018-04-24 13:30:00.016,ES.CME.M2018,2680.75,1,SELL
2018-04-24 13:30:00.016,ES.CME.M2018,2680.75,1,SELL
2018-04-24 13:30:00.016,ES.CME.M2018,2680.75,1,SELL
2018-04-24 13:30:00.016,ES.CME.M2018,2680.75,1,SELL
2018-04-24 13:30:00.016,ES.CME.M2018,2680.75,1,SELL
2018-04-24 13:30:00.016,ES.CME.M2018,2680.75,1,SELL
2018-04-24 13:30:00.021,ES.CME.M2018,2681.0,2,SELL
2018-04-24 13:30:00.021,ES.CME.M2018,2680.75,58,SELL
2018-04-24 13:30:00.021,ES.CME.M2018,2681.0,6,BUY
2018-04-24 13:30:00.021,ES.CME.M2018,2681.0,5,BUY
2018-04-24 13:30:00.021,ES.CME.M2018,2681.0,1,BUY
2018-04-24 13:30:00.021,ES.CME.M2018,2681.0,58,BUY
2018-04-24 13:30:00.021,ES.CME.M2018,2681.25,7,BUY
2018-04-24 13:30:00.027,ES.CME.M2018,2681.0,3,BUY
2018-04-24 13:30:00.027,ES.CME.M2018,2681.0,10,SELL
2018-04-24 13:30:00.027,ES.CME.M2018,2681.0,2,SELL
2018-04-24 13:30:00.027,ES.CME.M2018,2680.75,13,SELL
2018-04-24 13:30:00.027,ES.CME.M2018,2680.75,4,SELL
2018-04-24 13:30:00.027,ES.CME.M2018,2681.0,2,BUY
2018-04-24 13:30:00.027,ES.CME.M2018,2681.0,4,BUY
2018-04-24 13:30:00.027,ES.CME.M2018,2681.0,4,BUY
2018-04-24 13:30:00.027,ES.CME.M2018,2681.0,2,BUY
2018-04-24 13:30:00.027,ES.CME.M2018,2681.0,10,BUY
2018-04-24 13:30:00.027,ES.CME.M2018,2681.0,1,BUY
2018-04-24 13:30:00.027,ES.CME.M2018,2681.0,4,BUY
2018-04-24 13:30:00.027,ES.CME.M2018,2681.0,1,BUY
2018-04-24 13:30:00.027,ES.CME.M2018,2681.0,1,BUY
2018-04-24 13:30:00.027,ES.CME.M2018,2681.0,1,BUY
2018-04-24 13:30:00.027,ES.CME.M2018,2681.0,1,BUY
2018-04-24 13:30:00.027,ES.CME.M2018,2680.75,93,SELL
2018-04-24 13:30:00.027,ES.CME.M2018,2681.0,24,BUY
2018-04-24 13:30:00.027,ES.CME.M2018,2681.0,5,BUY
2018-04-24 13:30:00.027,ES.CME.M2018,2681.0,4,BUY
2018-04-24 13:30:00.027,ES.CME.M2018,2681.0,2,BUY
2018-04-24 13:30:00.027,ES.CME.M2018,2681.0,1,BUY
2018-04-24 13:30:00.027,ES.CME.M2018,2681.0,1,BUY
2018-04-24 13:30:00.027,ES.CME.M2018,2681.0,1,BUY
2018-04-24 13:30:00.027,ES.CME.M2018,2681.0,2,BUY
2018-04-24 13:30:00.027,ES.CME.M2018,2681.0,5,BUY
2018-04-24 13:30:00.027,ES.CME.M2018,2681.0,10,BUY
2018-04-24 13:30:00.027,ES.CME.M2018,2681.0,3,BUY
2018-04-24 13:30:00.027,ES.CME.M2018,2681.0,1,BUY
2018-04-24 13:30:00.027,ES.CME.M2018,2681.0,3,BUY
2018-04-24 13:30:00.027,ES.CME.M2018,2681.0,2,BUY
2018-04-24 13:30:00.027,ES.CME.M2018,2681.0,5,BUY
2018-04-24 13:30:00.027,ES.CME.M2018,2681.0,4,BUY
2018-04-24 13:30:00.027,ES.CME.M2018,2681.0,6,BUY
2018-04-24 13:30:00.027,ES.CME.M2018,2681.0,1,SELL
2018-04-24 13:30:00.027,ES.CME.M2018,2681.0,3,BUY
2018-04-24 13:30:00.027,ES.CME.M2018,2681.0,1,SELL
2018-04-24 13:30:00.027,ES.CME.M2018,2681.0,2,BUY
2018-04-24 13:30:00.027,ES.CME.M2018,2681.0,1,BUY
2018-04-24 13:30:00.027,ES.CME.M2018,2681.0,1,BUY
2018-04-24 13:30:00.027,ES.CME.M2018,2681.0,1,BUY
2018-04-24 13:30:00.027,ES.CME.M2018,2681.0,3,BUY
2018-04-24 13:30:00.027,ES.CME.M2018,2681.0,3,BUY
2018-04-24 13:30:00.027,ES.CME.M2018,2681.0,3,BUY
2018-04-24 13:30:00.027,ES.CME.M2018,2681.0,46,BUY
2018-04-24 13:30:00.027,ES.CME.M2018,2681.25,13,BUY
2018-04-24 13:30:00.033,ES.CME.M2018,2681.0,2,SELL
2018-04-24 13:30:00.033,ES.CME.M2018,2681.25,5,BUY
2018-04-24 13:30:00.033,ES.CME.M2018,2681.0,2,SELL
2018-04-24 13:30:00.033,ES.CME.M2018,2681.0,1,SELL
2018-04-24 13:30:00.033,ES.CME.M2018,2681.25,3,BUY
2018-04-24 13:30:00.033,ES.CME.M2018,2681.0,1,SELL
2018-04-24 13:30:00.039,ES.CME.M2018,2681.0,1,SELL
2018-04-24 13:30:00.039,ES.CME.M2018,2681.0,6,SELL
2018-04-24 13:30:00.045,ES.CME.M2018,2681.0,1,SELL
2018-04-24 13:30:00.045,ES.CME.M2018,2681.25,13,BUY
2018-04-24 13:30:00.051,ES.CME.M2018,2681.25,5,BUY
2018-04-24 13:30:00.051,ES.CME.M2018,2681.0,1,SELL
2018-04-24 13:30:00.051,ES.CME.M2018,2681.25,32,BUY
2018-04-24 13:30:00.057,ES.CME.M2018,2681.25,5,BUY
2018-04-24 13:30:00.057,ES.CME.M2018,2681.0,11,SELL
2018-04-24 13:30:00.064,ES.CME.M2018,2681.0,3,SELL
2018-04-24 13:30:00.064,ES.CME.M2018,2681.0,5,SELL
2018-04-24 13:30:00.104,ES.CME.M2018,2681.25,6,BUY
2018-04-24 13:30:00.104,ES.CME.M2018,2681.0,1,SELL
2018-04-24 13:30:00.104,ES.CME.M2018,2681.0,26,SELL
2018-04-24 13:30:00.104,ES.CME.M2018,2681.0,6,SELL
2018-04-24 13:30:00.104,ES.CME.M2018,2681.0,1,SELL
2018-04-24 13:30:00.104,ES.CME.M2018,2681.0,8,SELL
2018-04-24 13:30:00.104,ES.CME.M2018,2681.0,8,SELL
2018-04-24 13:30:00.104,ES.CME.M2018,2681.0,1,SELL
2018-04-24 13:30:00.104,ES.CME.M2018,2681.0,4,BUY
2018-04-24 13:30:00.104,ES.CME.M2018,2681.0,11,BUY
2018-04-24 13:30:00.104,ES.CME.M2018,2681.0,1,BUY
2018-04-24 13:30:00.104,ES.CME.M2018,2681.0,4,BUY
2018-04-24 13:30:00.104,ES.CME.M2018,2681.0,1,BUY
2018-04-24 13:30:00.104,ES.CME.M2018,2681.0,3,BUY
2018-04-24 13:30:00.104,ES.CME.M2018,2681.0,1,SELL
2018-04-24 13:30:00.104,ES.CME.M2018,2681.0,2,SELL
2018-04-24 13:30:00.104,ES.CME.M2018,2681.0,1,SELL
2018-04-24 13:30:00.126,ES.CME.M2018,2681.0,1,SELL
2018-04-24 13:30:00.126,ES.CME.M2018,2681.0,1,SELL
2018-04-24 13:30:00.126,ES.CME.M2018,2681.0,1,SELL
2018-04-24 13:30:00.126,ES.CME.M2018,2681.0,1,SELL
2018-04-24 13:30:00.126,ES.CME.M2018,2681.0,1,SELL
2018-04-24 13:30:00.126,ES.CME.M2018,2681.0,2,SELL
2018-04-24 13:30:00.126,ES.CME.M2018,2681.25,9,BUY
2018-04-24 13:30:00.126,ES.CME.M2018,2681.25,1,BUY
2018-04-24 13:30:00.126,ES.CME.M2018,2681.25,1,BUY
2018-04-24 13:30:00.126,ES.CME.M2018,2681.0,1,SELL
2018-04-24 13:30:00.126,ES.CME.M2018,2681.25,1,BUY
2018-04-24 13:30:00.126,ES.CME.M2018,2681.25,2,BUY
2018-04-24 13:30:00.126,ES.CME.M2018,2681.25,1,BUY
2018-04-24 13:30:00.139,ES.CME.M2018,2681.25,1,BUY
2018-04-24 13:30:00.139,ES.CME.M2018,2681.0,1,SELL
2018-04-24 13:30:00.144,ES.CME.M2018,2681.0,1,SELL
2018-04-24 13:30:00.144,ES.CME.M2018,2681.25,1,BUY
2018-04-24 13:30:00.144,ES.CME.M2018,2681.25,1,BUY
2018-04-24 13:30:00.144,ES.CME.M2018,2681.0,1,SELL
2018-04-24 13:30:00.144,ES.CME.M2018,2681.25,4,BUY
2018-04-24 13:30:00.149,ES.CME.M2018,2681.25,1,BUY
2018-04-24 13:30:00.149,ES.CME.M2018,2681.25,5,BUY
2018-04-24 13:30:00.195,ES.CME.M2018,2681.25,1,BUY
2018-04-24 13:30:00.213,ES.CME.M2018,2681.25,2,BUY
2018-04-24 13:30:00.213,ES.CME.M2018,2681.25,2,BUY
2018-04-24 13:30:00.213,ES.CME.M2018,2681.25,234,BUY
2018-04-24 13:30:00.213,ES.CME.M2018,2681.5,1,BUY
2018-04-24 13:30:00.229,ES.CME.M2018,2681.5,9,BUY
2018-04-24 13:30:00.229,ES.CME.M2018,2681.5,2,BUY
2018-04-24 13:30:00.229,ES.CME.M2018,2681.25,1,SELL
2018-04-24 13:30:00.229,ES.CME.M2018,2681.25,1,SELL
2018-04-24 13:30:00.229,ES.CME.M2018,2681.25,1,SELL
2018-04-24 13:30:00.239,ES.CME.M2018,2681.25,2,SELL
2018-04-24 13:30:00.239,ES.CME.M2018,2681.25,1,SELL
2018-04-24 13:30:00.239,ES.CME.M2018,2681.25,5,SELL
2018-04-24 13:30:00.257,ES.CME.M2018,2681.25,8,SELL
2018-04-24 13:30:00.267,ES.CME.M2018,2681.25,7,SELL
2018-04-24 13:30:00.267,ES.CME.M2018,2681.5,106,BUY
2018-04-24 13:30:00.267,ES.CME.M2018,2681.5,1,BUY
2018-04-24 13:30:00.267,ES.CME.M2018,2681.5,1,BUY
2018-04-24 13:30:00.267,ES.CME.M2018,2681.5,1,BUY
2018-04-24 13:30:00.267,ES.CME.M2018,2681.5,1,BUY
2018-04-24 13:30:00.267,ES.CME.M2018,2681.5,4,SELL
2018-04-24 13:30:00.267,ES.CME.M2018,2681.5,1,BUY
2018-04-24 13:30:00.267,ES.CME.M2018,2681.5,1,BUY
2018-04-24 13:30:00.274,ES.CME.M2018,2681.25,1,SELL
2018-04-24 13:30:00.274,ES.CME.M2018,2681.25,5,SELL
2018-04-24 13:30:00.274,ES.CME.M2018,2681.25,1,SELL
2018-04-24 13:30:00.278,ES.CME.M2018,2681.25,1,SELL
2018-04-24 13:30:00.290,ES.CME.M2018,2681.25,5,SELL
2018-04-24 13:30:00.290,ES.CME.M2018,2681.25,1,SELL
2018-04-24 13:30:00.295,ES.CME.M2018,2681.25,1,SELL
2018-04-24 13:30:00.295,ES.CME.M2018,2681.5,4,BUY
2018-04-24 13:30:00.295,ES.CME.M2018,2681.25,1,SELL
2018-04-24 13:30:00.300,ES.CME.M2018,2681.25,1,SELL
2018-04-24 13:30:00.305,ES.CME.M2018,2681.25,1,SELL
2018-04-24 13:30:00.311,ES.CME.M2018,2681.25,1,SELL
2018-04-24 13:30:00.311,ES.CME.M2018,2681.25,1,SELL
2018-04-24 13:30:00.316,ES.CME.M2018,2681.25,1,SELL
2018-04-24 13:30:00.323,ES.CME.M2018,2681.25,1,SELL
2018-04-24 13:30:00.323,ES.CME.M2018,2681.25,1,SELL
2018-04-24 13:30:00.323,ES.CME.M2018,2681.5,26,BUY
2018-04-24 13:30:00.329,ES.CME.M2018,2681.5,1,BUY
2018-04-24 13:30:00.329,ES.CME.M2018,2681.5,1,SELL
2018-04-24 13:30:00.329,ES.CME.M2018,2681.75,1,BUY
2018-04-24 13:30:00.329,ES.CME.M2018,2681.5,16,SELL
2018-04-24 13:30:00.329,ES.CME.M2018,2681.5,9,SELL
2018-04-24 13:30:00.329,ES.CME.M2018,2681.5,29,BUY
2018-04-24 13:30:00.334,ES.CME.M2018,2681.5,1,SELL
2018-04-24 13:30:00.340,ES.CME.M2018,2681.5,1,SELL
2018-04-24 13:30:00.340,ES.CME.M2018,2681.5,3,SELL
2018-04-24 13:30:00.345,ES.CME.M2018,2681.5,1,SELL
2018-04-24 13:30:00.351,ES.CME.M2018,2681.5,1,SELL
2018-04-24 13:30:00.351,ES.CME.M2018,2681.5,1,SELL
2018-04-24 13:30:00.351,ES.CME.M2018,2681.5,1,SELL
2018-04-24 13:30:00.355,ES.CME.M2018,2681.5,1,SELL
2018-04-24 13:30:00.360,ES.CME.M2018,2681.5,1,SELL
2018-04-24 13:30:00.360,ES.CME.M2018,2681.5,10,SELL
2018-04-24 13:30:00.360,ES.CME.M2018,2681.5,5,SELL
2018-04-24 13:30:00.360,ES.CME.M2018,2681.5,7,BUY
2018-04-24 13:30:00.360,ES.CME.M2018,2681.5,3,BUY
2018-04-24 13:30:00.364,ES.CME.M2018,2681.5,2,SELL
2018-04-24 13:30:00.364,ES.CME.M2018,2681.25,1,SELL
2018-04-24 13:30:00.370,ES.CME.M2018,2681.25,1,SELL
2018-04-24 13:30:00.378,ES.CME.M2018,2681.5,13,BUY
2018-04-24 13:30:00.378,ES.CME.M2018,2681.75,17,BUY
2018-04-24 13:30:00.384,ES.CME.M2018,2681.5,1,SELL
2018-04-24 13:30:00.384,ES.CME.M2018,2681.75,10,BUY
2018-04-24 13:30:00.395,ES.CME.M2018,2681.5,3,SELL
2018-04-24 13:30:00.401,ES.CME.M2018,2681.5,2,SELL
2018-04-24 13:30:00.401,ES.CME.M2018,2681.5,1,SELL
2018-04-24 13:30:00.401,ES.CME.M2018,2681.5,1,SELL
2018-04-24 13:30:00.407,ES.CME.M2018,2681.5,7,SELL
2018-04-24 13:30:00.423,ES.CME.M2018,2681.5,7,SELL
2018-04-24 13:30:00.423,ES.CME.M2018,2681.5,18,SELL
2018-04-24 13:30:00.423,ES.CME.M2018,2681.5,3,SELL
2018-04-24 13:30:00.423,ES.CME.M2018,2681.5,15,SELL
2018-04-24 13:30:00.423,ES.CME.M2018,2681.5,9,SELL
2018-04-24 13:30:00.439,ES.CME.M2018,2681.5,7,BUY
2018-04-24 13:30:00.439,ES.CME.M2018,2681.5,2,SELL
2018-04-24 13:30:00.450,ES.CME.M2018,2681.5,1,SELL
2018-04-24 13:30:00.456,ES.CME.M2018,2681.75,1,BUY
2018-04-24 13:30:00.466,ES.CME.M2018,2681.75,1,BUY
2018-04-24 13:30:00.472,ES.CME.M2018,2681.5,6,SELL
2018-04-24 13:30:00.472,ES.CME.M2018,2681.5,8,SELL
2018-04-24 13:30:00.472,ES.CME.M2018,2681.5,5,SELL
2018-04-24 13:30:00.472,ES.CME.M2018,2681.5,1,SELL
2018-04-24 13:30:00.472,ES.CME.M2018,2681.5,2,SELL
2018-04-24 13:30:00.482,ES.CME.M2018,2681.25,1,SELL
2018-04-24 13:30:00.492,ES.CME.M2018,2681.25,1,SELL
2018-04-24 13:30:00.492,ES.CME.M2018,2681.25,2,SELL
2018-04-24 13:30:00.503,ES.CME.M2018,2681.25,15,SELL
2018-04-24 13:30:00.503,ES.CME.M2018,2681.5,4,BUY
2018-04-24 13:30:00.519,ES.CME.M2018,2681.5,15,BUY
2018-04-24 13:30:00.519,ES.CME.M2018,2681.5,6,BUY
2018-04-24 13:30:00.519,ES.CME.M2018,2681.5,1,SELL
2018-04-24 13:30:00.519,ES.CME.M2018,2681.5,2,SELL
2018-04-24 13:30:00.519,ES.CME.M2018,2681.5,2,SELL
2018-04-24 13:30:00.519,ES.CME.M2018,2681.5,2,BUY
2018-04-24 13:30:00.519,ES.CME.M2018,2681.5,1,BUY
2018-04-24 13:30:00.529,ES.CME.M2018,2681.5,16,SELL
2018-04-24 13:30:00.545,ES.CME.M2018,2681.5,4,BUY
2018-04-24 13:30:00.665,ES.CME.M2018,2681.5,12,BUY
2018-04-24 13:30:00.686,ES.CME.M2018,2681.5,1,SELL
2018-04-24 13:30:00.702,ES.CME.M2018,2681.5,5,SELL
2018-04-24 13:30:00.702,ES.CME.M2018,2681.5,5,BUY
2018-04-24 13:30:00.702,ES.CME.M2018,2681.5,1,BUY
2018-04-24 13:30:00.735,ES.CME.M2018,2681.5,1,BUY
2018-04-24 13:30:00.740,ES.CME.M2018,2681.5,1,BUY
2018-04-24 13:30:00.745,ES.CME.M2018,2681.5,19,BUY
2018-04-24 13:30:00.750,ES.CME.M2018,2681.5,3,SELL
2018-04-24 13:30:00.781,ES.CME.M2018,2681.75,3,BUY
2018-04-24 13:30:00.823,ES.CME.M2018,2681.5,5,SELL
2018-04-24 13:30:00.839,ES.CME.M2018,2681.5,1,SELL
2018-04-24 13:30:00.860,ES.CME.M2018,2681.5,1,SELL
2018-04-24 13:30:00.860,ES.CME.M2018,2681.75,1,BUY
2018-04-24 13:30:00.865,ES.CME.M2018,2681.5,1,SELL
2018-04-24 13:30:00.943,ES.CME.M2018,2681.5,6,SELL
2018-04-24 13:30:00.943,ES.CME.M2018,2681.5,9,SELL
2018-04-24 13:30:00.943,ES.CME.M2018,2681.5,1,SELL
2018-04-24 13:30:00.991,ES.CME.M2018,2681.5,1,SELL
2018-04-24 13:30:01.015,ES.CME.M2018,2681.75,5,BUY
2018-04-24 13:30:01.021,ES.CME.M2018,2681.75,1,BUY
2018-04-24 13:30:01.021,ES.CME.M2018,2681.5,13,SELL
2018-04-24 13:30:01.072,ES.CME.M2018,2681.5,1,SELL
2018-04-24 13:30:01.078,ES.CME.M2018,2681.75,7,BUY
2018-04-24 13:30:01.083,ES.CME.M2018,2681.75,3,BUY
2018-04-24 13:30:01.343,ES.CME.M2018,2681.25,1,SELL
2018-04-24 13:30:01.343,ES.CME.M2018,2681.25,5,SELL
2018-04-24 13:30:01.343,ES.CME.M2018,2681.25,5,SELL
2018-04-24 13:30:01.403,ES.CME.M2018,2681.25,1,BUY
2018-04-24 13:30:01.403,ES.CME.M2018,2681.25,1,BUY
2018-04-24 13:30:01.403,ES.CME.M2018,2681.25,1,SELL
2018-04-24 13:30:01.521,ES.CME.M2018,2681.25,5,SELL
2018-04-24 13:30:01.531,ES.CME.M2018,2681.25,1,BUY
2018-04-24 13:30:01.706,ES.CME.M2018,2681.25,2,BUY
2018-04-24 13:30:01.951,ES.CME.M2018,2681.0,20,SELL
2018-04-24 13:30:01.956,ES.CME.M2018,2681.0,70,SELL
2018-04-24 13:30:01.956,ES.CME.M2018,2680.75,2,SELL
2018-04-24 13:30:02.201,ES.CME.M2018,2681.0,1,BUY
2018-04-24 13:30:02.367,ES.CME.M2018,2681.0,1,BUY
2018-04-24 13:30:02.372,ES.CME.M2018,2680.75,40,SELL
2018-04-24 13:30:02.372,ES.CME.M2018,2680.75,1,SELL
2018-04-24 13:30:02.372,ES.CME.M2018,2680.75,4,SELL
2018-04-24 13:30:02.372,ES.CME.M2018,2680.75,1,SELL
2018-04-24 13:30:02.372,ES.CME.M2018,2680.75,2,SELL
2018-04-24 13:30:02.397,ES.CME.M2018,2681.0,1,BUY
2018-04-24 13:30:02.577,ES.CME.M2018,2681.0,2,BUY
2018-04-24 13:30:02.612,ES.CME.M2018,2680.75,31,SELL
2018-04-24 13:30:02.612,ES.CME.M2018,2680.75,2,SELL
2018-04-24 13:30:02.612,ES.CME.M2018,2680.75,1,BUY
2018-04-24 13:30:02.615,ES.CME.M2018,2680.75,1,BUY
2018-04-24 13:30:02.619,ES.CME.M2018,2680.75,9,BUY
2018-04-24 13:30:02.619,ES.CME.M2018,2680.75,8,BUY
2018-04-24 13:30:02.619,ES.CME.M2018,2680.75,1,SELL
2018-04-24 13:30:02.619,ES.CME.M2018,2680.75,1,SELL
2018-04-24 13:30:02.619,ES.CME.M2018,2680.75,1,SELL
2018-04-24 13:30:02.619,ES.CME.M2018,2680.75,1,BUY
2018-04-24 13:30:02.619,ES.CME.M2018,2680.75,1,BUY
2018-04-24 13:30:02.619,ES.CME.M2018,2680.75,3,SELL
2018-04-24 13:30:02.634,ES.CME.M2018,2680.75,1,BUY
2018-04-24 13:30:02.648,ES.CME.M2018,2680.75,1,BUY
2018-04-24 13:30:02.769,ES.CME.M2018,2680.75,7,BUY
2018-04-24 13:30:02.769,ES.CME.M2018,2680.75,7,BUY
2018-04-24 13:30:02.794,ES.CME.M2018,2680.75,5,SELL
2018-04-24 13:30:02.794,ES.CME.M2018,2680.75,4,SELL
2018-04-24 13:30:02.862,ES.CME.M2018,2680.5,1,SELL
2018-04-24 13:30:02.862,ES.CME.M2018,2680.5,2,SELL
2018-04-24 13:30:02.862,ES.CME.M2018,2680.5,1,SELL
2018-04-24 13:30:02.862,ES.CME.M2018,2680.5,20,SELL
2018-04-24 13:30:02.862,ES.CME.M2018,2680.5,1,SELL
2018-04-24 13:30:02.862,ES.CME.M2018,2680.5,1,SELL
2018-04-24 13:30:02.862,ES.CME.M2018,2680.5,1,SELL
2018-04-24 13:30:02.877,ES.CME.M2018,2680.75,1,BUY
2018-04-24 13:30:02.993,ES.CME.M2018,2680.75,1,BUY
2018-04-24 13:30:03.017,ES.CME.M2018,2680.5,13,SELL
2018-04-24 13:30:03.130,ES.CME.M2018,2680.5,1,SELL
2018-04-24 13:30:03.208,ES.CME.M2018,2680.75,1,BUY
2018-04-24 13:30:03.215,ES.CME.M2018,2680.5,2,SELL
2018-04-24 13:30:03.215,ES.CME.M2018,2680.5,1,SELL
2018-04-24 13:30:03.215,ES.CME.M2018,2680.5,155,SELL
2018-04-24 13:30:03.215,ES.CME.M2018,2680.5,4,SELL
2018-04-24 13:30:03.215,ES.CME.M2018,2680.5,2,SELL
2018-04-24 13:30:03.215,ES.CME.M2018,2680.5,4,SELL
2018-04-24 13:30:03.215,ES.CME.M2018,2680.5,5,SELL
2018-04-24 13:30:03.219,ES.CME.M2018,2680.5,9,SELL
2018-04-24 13:30:03.219,ES.CME.M2018,2680.5,9,SELL
2018-04-24 13:30:03.219,ES.CME.M2018,2680.5,1,BUY
2018-04-24 13:30:03.219,ES.CME.M2018,2680.5,11,BUY
2018-04-24 13:30:03.219,ES.CME.M2018,2680.5,4,BUY
2018-04-24 13:30:03.219,ES.CME.M2018,2680.5,1,BUY
2018-04-24 13:30:03.219,ES.CME.M2018,2680.5,3,BUY
2018-04-24 13:30:03.219,ES.CME.M2018,2680.5,4,BUY
2018-04-24 13:30:03.219,ES.CME.M2018,2680.5,1,BUY
2018-04-24 13:30:03.219,ES.CME.M2018,2680.5,1,BUY
2018-04-24 13:30:03.225,ES.CME.M2018,2680.25,2,SELL
2018-04-24 13:30:03.225,ES.CME.M2018,2680.25,1,SELL
2018-04-24 13:30:03.225,ES.CME.M2018,2680.25,1,SELL
2018-04-24 13:30:03.267,ES.CME.M2018,2680.25,12,SELL
2018-04-24 13:30:03.277,ES.CME.M2018,2680.25,1,SELL
2018-04-24 13:30:03.311,ES.CME.M2018,2680.5,3,BUY
2018-04-24 13:30:03.356,ES.CME.M2018,2680.5,1,BUY
2018-04-24 13:30:03.356,ES.CME.M2018,2680.25,2,SELL
2018-04-24 13:30:03.378,ES.CME.M2018,2680.25,1,SELL
2018-04-24 13:30:03.446,ES.CME.M2018,2680.5,1,BUY
2018-04-24 13:30:03.466,ES.CME.M2018,2680.5,1,BUY
2018-04-24 13:30:03.466,ES.CME.M2018,2680.5,1,BUY
2018-04-24 13:30:03.466,ES.CME.M2018,2680.5,1,BUY
2018-04-24 13:30:03.471,ES.CME.M2018,2680.5,1,BUY
2018-04-24 13:30:03.471,ES.CME.M2018,2680.5,1,BUY
2018-04-24 13:30:03.471,ES.CME.M2018,2680.5,1,BUY
2018-04-24 13:30:03.533,ES.CME.M2018,2680.25,2,SELL
2018-04-24 13:30:03.620,ES.CME.M2018,2680.5,1,BUY
2018-04-24 13:30:03.620,ES.CME.M2018,2680.5,26,BUY
2018-04-24 13:30:03.620,ES.CME.M2018,2680.5,3,BUY
2018-04-24 13:30:03.620,ES.CME.M2018,2680.5,50,BUY
2018-04-24 13:30:03.620,ES.CME.M2018,2680.5,10,BUY
2018-04-24 13:30:03.625,ES.CME.M2018,2680.5,3,BUY
2018-04-24 13:30:03.625,ES.CME.M2018,2680.5,7,BUY
2018-04-24 13:30:03.625,ES.CME.M2018,2680.5,1,BUY
2018-04-24 13:30:03.625,ES.CME.M2018,2680.5,1,BUY
2018-04-24 13:30:03.625,ES.CME.M2018,2680.5,5,BUY
2018-04-24 13:30:03.625,ES.CME.M2018,2680.5,1,SELL
2018-04-24 13:30:03.636,ES.CME.M2018,2680.5,1,BUY
2018-04-24 13:30:03.666,ES.CME.M2018,2680.75,1,BUY
2018-04-24 13:30:03.675,ES.CME.M2018,2680.75,1,BUY
2018-04-24 13:30:03.753,ES.CME.M2018,2680.5,11,SELL
2018-04-24 13:30:03.753,ES.CME.M2018,2680.5,22,BUY
2018-04-24 13:30:03.764,ES.CME.M2018,2680.5,16,SELL
2018-04-24 13:30:03.788,ES.CME.M2018,2680.25,1,SELL
2018-04-24 13:30:03.829,ES.CME.M2018,2680.25,1,SELL
2018-04-24 13:30:03.855,ES.CME.M2018,2680.25,1,SELL
2018-04-24 13:30:03.957,ES.CME.M2018,2680.5,32,BUY
2018-04-24 13:30:03.962,ES.CME.M2018,2680.5,20,SELL
2018-04-24 13:30:04.018,ES.CME.M2018,2680.25,13,SELL
2018-04-24 13:30:04.102,ES.CME.M2018,2680.25,1,SELL
2018-04-24 13:30:04.102,ES.CME.M2018,2680.25,1,SELL
2018-04-24 13:30:04.132,ES.CME.M2018,2680.25,2,SELL
2018-04-24 13:30:04.161,ES.CME.M2018,2680.5,4,BUY
2018-04-24 13:30:04.203,ES.CME.M2018,2680.5,1,BUY
2018-04-24 13:30:04.208,ES.CME.M2018,2680.25,1,SELL
2018-04-24 13:30:04.235,ES.CME.M2018,2680.25,2,SELL
2018-04-24 13:30:04.260,ES.CME.M2018,2680.5,3,BUY
2018-04-24 13:30:04.464,ES.CME.M2018,2680.25,1,SELL
2018-04-24 13:30:04.681,ES.CME.M2018,2680.25,1,SELL
2018-04-24 13:30:04.736,ES.CME.M2018,2680.5,2,BUY
2018-04-24 13:30:04.781,ES.CME.M2018,2680.5,1,BUY
2018-04-24 13:30:04.801,ES.CME.M2018,2680.25,1,SELL
2018-04-24 13:30:04.833,ES.CME.M2018,2680.25,50,SELL
2018-04-24 13:30:04.847,ES.CME.M2018,2680.5,1,BUY
2018-04-24 13:30:04.878,ES.CME.M2018,2680.5,1,BUY
2018-04-24 13:30:04.966,ES.CME.M2018,2680.25,1,SELL
2018-04-24 13:30:04.985,ES.CME.M2018,2680.5,1,BUY
2018-04-24 13:30:05.004,ES.CME.M2018,2680.25,1,SELL
2018-04-24 13:30:05.012,ES.CME.M2018,2680.25,1,SELL
2018-04-24 13:30:05.018,ES.CME.M2018,2680.25,13,SELL
2018-04-24 13:30:05.226,ES.CME.M2018,2680.5,25,BUY
2018-04-24 13:30:05.226,ES.CME.M2018,2680.5,1,BUY
2018-04-24 13:30:05.262,ES.CME.M2018,2680.5,1,BUY
2018-04-24 13:30:05.676,ES.CME.M2018,2680.5,5,BUY
2018-04-24 13:30:05.681,ES.CME.M2018,2680.5,50,BUY
2018-04-24 13:30:05.687,ES.CME.M2018,2680.5,2,BUY
2018-04-24 13:30:05.742,ES.CME.M2018,2680.25,1,SELL
2018-04-24 13:30:05.786,ES.CME.M2018,2680.25,1,SELL
2018-04-24 13:30:05.878,ES.CME.M2018,2680.5,1,BUY
2018-04-24 13:30:05.878,ES.CME.M2018,2680.5,2,BUY
2018-04-24 13:30:05.910,ES.CME.M2018,2680.25,1,SELL
2018-04-24 13:30:05.941,ES.CME.M2018,2680.5,4,BUY
2018-04-24 13:30:05.999,ES.CME.M2018,2680.5,5,BUY
2018-04-24 13:30:06.017,ES.CME.M2018,2680.25,13,SELL
2018-04-24 13:30:06.073,ES.CME.M2018,2680.25,2,SELL
2018-04-24 13:30:06.104,ES.CME.M2018,2680.5,1,BUY
2018-04-24 13:30:06.332,ES.CME.M2018,2680.5,1,BUY
2018-04-24 13:30:06.379,ES.CME.M2018,2680.5,25,BUY
2018-04-24 13:30:06.379,ES.CME.M2018,2680.5,51,BUY
2018-04-24 13:30:06.384,ES.CME.M2018,2680.5,1,BUY
2018-04-24 13:30:06.384,ES.CME.M2018,2680.5,9,SELL
2018-04-24 13:30:06.384,ES.CME.M2018,2680.5,1,SELL
2018-04-24 13:30:06.511,ES.CME.M2018,2680.75,1,BUY
2018-04-24 13:30:06.518,ES.CME.M2018,2680.75,4,BUY
2018-04-24 13:30:06.762,ES.CME.M2018,2680.5,5,SELL
2018-04-24 13:30:06.821,ES.CME.M2018,2680.5,2,SELL
2018-04-24 13:30:06.864,ES.CME.M2018,2680.5,70,SELL
2018-04-24 13:30:06.864,ES.CME.M2018,2680.5,1,SELL
2018-04-24 13:30:06.864,ES.CME.M2018,2680.5,2,SELL
2018-04-24 13:30:06.864,ES.CME.M2018,2680.5,1,SELL
2018-04-24 13:30:06.864,ES.CME.M2018,2680.5,8,SELL
2018-04-24 13:30:06.864,ES.CME.M2018,2680.5,1,SELL
2018-04-24 13:30:06.864,ES.CME.M2018,2680.5,1,SELL
2018-04-24 13:30:06.901,ES.CME.M2018,2680.5,4,SELL
2018-04-24 13:30:06.944,ES.CME.M2018,2680.5,1,SELL
2018-04-24 13:30:07.020,ES.CME.M2018,2680.5,13,SELL
2018-04-24 13:30:07.201,ES.CME.M2018,2680.5,1,SELL
2018-04-24 13:30:07.213,ES.CME.M2018,2680.5,24,SELL
2018-04-24 13:30:07.213,ES.CME.M2018,2680.5,12,SELL
2018-04-24 13:30:07.218,ES.CME.M2018,2680.25,1,SELL
2018-04-24 13:30:07.396,ES.CME.M2018,2680.5,1,BUY
2018-04-24 13:30:07.435,ES.CME.M2018,2680.5,1,BUY
2018-04-24 13:30:07.526,ES.CME.M2018,2680.5,1,BUY
2018-04-24 13:30:07.906,ES.CME.M2018,2680.25,1,SELL
2018-04-24 13:30:07.937,ES.CME.M2018,2680.5,1,BUY
2018-04-24 13:30:07.943,ES.CME.M2018,2680.5,1,BUY
2018-04-24 13:30:08.017,ES.CME.M2018,2680.5,11,BUY
2018-04-24 13:30:08.017,ES.CME.M2018,2680.5,5,SELL
2018-04-24 13:30:08.017,ES.CME.M2018,2680.5,3,SELL
2018-04-24 13:30:08.017,ES.CME.M2018,2680.5,1,SELL
2018-04-24 13:30:08.017,ES.CME.M2018,2680.5,5,BUY
2018-04-24 13:30:08.017,ES.CME.M2018,2680.5,1,SELL
2018-04-24 13:30:08.017,ES.CME.M2018,2680.5,2,SELL
2018-04-24 13:30:08.017,ES.CME.M2018,2680.5,6,SELL
2018-04-24 13:30:08.017,ES.CME.M2018,2680.5,1,BUY
2018-04-24 13:30:08.017,ES.CME.M2018,2680.25,13,SELL
2018-04-24 13:30:08.167,ES.CME.M2018,2680.5,1,BUY
2018-04-24 13:30:08.275,ES.CME.M2018,2680.5,22,BUY
2018-04-24 13:30:08.275,ES.CME.M2018,2680.5,6,BUY
2018-04-24 13:30:08.275,ES.CME.M2018,2680.5,12,BUY
2018-04-24 13:30:08.351,ES.CME.M2018,2680.5,1,SELL
2018-04-24 13:30:08.356,ES.CME.M2018,2680.5,1,SELL
2018-04-24 13:30:08.421,ES.CME.M2018,2680.5,1,SELL
2018-04-24 13:30:08.661,ES.CME.M2018,2680.5,1,SELL
2018-04-24 13:30:08.801,ES.CME.M2018,2680.75,2,BUY
2018-04-24 13:30:08.902,ES.CME.M2018,2680.75,4,BUY
2018-04-24 13:30:09.021,ES.CME.M2018,2680.5,13,SELL
2018-04-24 13:30:09.021,ES.CME.M2018,2680.5,3,SELL
2018-04-24 13:30:09.034,ES.CME.M2018,2680.5,1,SELL
2018-04-24 13:30:09.141,ES.CME.M2018,2680.5,67,SELL
2018-04-24 13:30:09.141,ES.CME.M2018,2680.5,2,SELL
2018-04-24 13:30:09.141,ES.CME.M2018,2680.5,1,SELL
2018-04-24 13:30:09.141,ES.CME.M2018,2680.5,5,BUY
2018-04-24 13:30:09.141,ES.CME.M2018,2680.5,6,BUY
2018-04-24 13:30:09.141,ES.CME.M2018,2680.5,2,BUY
2018-04-24 13:30:09.141,ES.CME.M2018,2680.5,1,BUY
2018-04-24 13:30:09.141,ES.CME.M2018,2680.5,1,BUY
2018-04-24 13:30:09.146,ES.CME.M2018,2680.5,6,BUY
2018-04-24 13:30:09.152,ES.CME.M2018,2680.5,1,SELL
2018-04-24 13:30:09.152,ES.CME.M2018,2680.5,5,SELL
2018-04-24 13:30:09.184,ES.CME.M2018,2680.5,1,BUY
2018-04-24 13:30:09.410,ES.CME.M2018,2680.5,1,BUY
2018-04-24 13:30:09.493,ES.CME.M2018,2680.5,1,BUY
2018-04-24 13:30:09.505,ES.CME.M2018,2680.5,1,BUY
2018-04-24 13:30:09.510,ES.CME.M2018,2680.5,17,BUY
2018-04-24 13:30:09.510,ES.CME.M2018,2680.5,10,SELL
2018-04-24 13:30:09.520,ES.CME.M2018,2680.5,1,BUY
2018-04-24 13:30:09.591,ES.CME.M2018,2680.25,1,SELL
2018-04-24 13:30:09.652,ES.CME.M2018,2680.5,1,BUY
2018-04-24 13:30:09.665,ES.CME.M2018,2680.5,2,BUY
2018-04-24 13:30:09.670,ES.CME.M2018,2680.5,1,BUY
2018-04-24 13:30:09.753,ES.CME.M2018,2680.25,1,SELL
2018-04-24 13:30:09.758,ES.CME.M2018,2680.25,1,SELL
2018-04-24 13:30:09.949,ES.CME.M2018,2680.5,1,BUY
2018-04-24 13:30:09.991,ES.CME.M2018,2680.5,1,BUY
2018-04-24 13:30:09.991,ES.CME.M2018,2680.5,8,BUY
2018-04-24 13:30:09.997,ES.CME.M2018,2680.75,1,BUY
2018-04-24 13:30:10.019,ES.CME.M2018,2680.5,13,SELL
2018-04-24 13:30:10.136,ES.CME.M2018,2680.5,20,SELL
2018-04-24 13:30:10.136,ES.CME.M2018,2680.5,1,SELL
2018-04-24 13:30:10.140,ES.CME.M2018,2680.5,11,SELL
2018-04-24 13:30:10.140,ES.CME.M2018,2680.5,3,BUY
2018-04-24 13:30:10.140,ES.CME.M2018,2680.5,5,BUY
2018-04-24 13:30:10.140,ES.CME.M2018,2680.5,20,BUY
2018-04-24 13:30:10.140,ES.CME.M2018,2680.5,1,BUY
2018-04-24 13:30:10.140,ES.CME.M2018,2680.5,8,BUY
2018-04-24 13:30:10.140,ES.CME.M2018,2680.5,2,SELL
2018-04-24 13:30:10.140,ES.CME.M2018,2680.5,3,SELL
2018-04-24 13:30:10.140,ES.CME.M2018,2680.5,5,SELL
2018-04-24 13:30:10.140,ES.CME.M2018,2680.5,4,BUY
2018-04-24 13:30:10.140,ES.CME.M2018,2680.5,3,BUY
2018-04-24 13:30:10.140,ES.CME.M2018,2680.5,1,SELL
2018-04-24 13:30:10.140,ES.CME.M2018,2680.5,1,SELL
2018-04-24 13:30:10.140,ES.CME.M2018,2680.5,10,SELL
2018-04-24 13:30:10.240,ES.CME.M2018,2680.5,7,BUY
2018-04-24 13:30:10.245,ES.CME.M2018,2680.5,9,BUY
2018-04-24 13:30:10.245,ES.CME.M2018,2680.5,46,SELL
2018-04-24 13:30:10.245,ES.CME.M2018,2680.5,7,SELL
2018-04-24 13:30:10.245,ES.CME.M2018,2680.5,5,SELL
2018-04-24 13:30:10.245,ES.CME.M2018,2680.5,1,BUY
2018-04-24 13:30:10.245,ES.CME.M2018,2680.5,2,BUY
2018-04-24 13:30:10.277,ES.CME.M2018,2680.5,1,BUY
2018-04-24 13:30:10.306,ES.CME.M2018,2680.5,3,BUY
2018-04-24 13:30:10.306,ES.CME.M2018,2680.5,6,BUY
2018-04-24 13:30:10.306,ES.CME.M2018,2680.5,1,BUY
2018-04-24 13:30:10.373,ES.CME.M2018,2680.25,3,SELL
2018-04-24 13:30:10.664,ES.CME.M2018,2680.5,1,BUY
2018-04-24 13:30:10.910,ES.CME.M2018,2680.25,1,SELL
2018-04-24 13:30:10.928,ES.CME.M2018,2680.25,4,SELL
2018-04-24 13:30:11.018,ES.CME.M2018,2680.25,13,SELL
2018-04-24 13:30:11.027,ES.CME.M2018,2680.5,4,BUY
2018-04-24 13:30:11.173,ES.CME.M2018,2680.25,1,SELL
2018-04-24 13:30:11.314,ES.CME.M2018,2680.5,100,BUY
2018-04-24 13:30:11.320,ES.CME.M2018,2680.5,2,BUY
2018-04-24 13:30:11.320,ES.CME.M2018,2680.5,2,BUY
2018-04-24 13:30:11.477,ES.CME.M2018,2680.25,1,SELL
2018-04-24 13:30:11.513,ES.CME.M2018,2680.5,1,BUY
2018-04-24 13:30:11.743,ES.CME.M2018,2680.5,1,BUY
2018-04-24 13:30:11.861,ES.CME.M2018,2680.5,4,BUY
2018-04-24 13:30:11.867,ES.CME.M2018,2680.25,1,SELL
2018-04-24 13:30:11.927,ES.CME.M2018,2680.5,2,BUY
2018-04-24 13:30:12.017,ES.CME.M2018,2680.25,14,SELL
2018-04-24 13:30:12.050,ES.CME.M2018,2680.25,1,SELL
2018-04-24 13:30:12.098,ES.CME.M2018,2680.25,1,SELL
2018-04-24 13:30:12.212,ES.CME.M2018,2680.5,1,BUY
2018-04-24 13:30:12.441,ES.CME.M2018,2680.5,1,BUY
2018-04-24 13:30:12.499,ES.CME.M2018,2680.25,1,SELL
2018-04-24 13:30:12.512,ES.CME.M2018,2680.5,1,BUY
2018-04-24 13:30:12.781,ES.CME.M2018,2680.5,1,BUY
2018-04-24 13:30:12.956,ES.CME.M2018,2680.5,1,BUY
2018-04-24 13:30:13.014,ES.CME.M2018,2680.25,1,SELL
2018-04-24 13:30:13.018,ES.CME.M2018,2680.25,14,SELL
2018-04-24 13:30:13.067,ES.CME.M2018,2680.25,4,SELL
2018-04-24 13:30:13.286,ES.CME.M2018,2680.5,1,BUY
2018-04-24 13:30:13.341,ES.CME.M2018,2680.5,4,BUY
2018-04-24 13:30:13.395,ES.CME.M2018,2680.5,1,BUY
2018-04-24 13:30:13.414,ES.CME.M2018,2680.5,1,BUY
2018-04-24 13:30:13.447,ES.CME.M2018,2680.5,1,BUY
2018-04-24 13:30:13.511,ES.CME.M2018,2680.5,1,BUY
2018-04-24 13:30:13.511,ES.CME.M2018,2680.5,1,BUY
2018-04-24 13:30:13.569,ES.CME.M2018,2680.25,1,SELL
2018-04-24 13:30:13.633,ES.CME.M2018,2680.25,2,SELL
2018-04-24 13:30:13.658,ES.CME.M2018,2680.5,2,BUY
2018-04-24 13:30:13.689,ES.CME.M2018,2680.5,1,BUY
2018-04-24 13:30:13.735,ES.CME.M2018,2680.25,2,SELL
2018-04-24 13:30:13.801,ES.CME.M2018,2680.5,1,BUY
2018-04-24 13:30:13.820,ES.CME.M2018,2680.5,1,BUY
2018-04-24 13:30:13.881,ES.CME.M2018,2680.5,1,BUY
2018-04-24 13:30:13.918,ES.CME.M2018,2680.5,33,BUY
2018-04-24 13:30:13.923,ES.CME.M2018,2680.25,1,SELL
2018-04-24 13:30:14.018,ES.CME.M2018,2680.25,13,SELL
2018-04-24 13:30:14.131,ES.CME.M2018,2680.5,1,BUY
2018-04-24 13:30:14.138,ES.CME.M2018,2680.5,1,BUY
2018-04-24 13:30:14.150,ES.CME.M2018,2680.25,1,SELL
2018-04-24 13:30:14.581,ES.CME.M2018,2680.25,1,SELL
2018-04-24 13:30:14.592,ES.CME.M2018,2680.25,11,SELL
2018-04-24 13:30:14.646,ES.CME.M2018,2680.5,2,BUY
2018-04-24 13:30:14.715,ES.CME.M2018,2680.5,2,BUY
2018-04-24 13:30:14.794,ES.CME.M2018,2680.5,2,BUY
2018-04-24 13:30:14.808,ES.CME.M2018,2680.5,79,BUY
2018-04-24 13:30:14.808,ES.CME.M2018,2680.75,21,BUY
2018-04-24 13:30:14.808,ES.CME.M2018,2680.5,1,SELL
2018-04-24 13:30:14.819,ES.CME.M2018,2680.75,4,BUY
2018-04-24 13:30:14.850,ES.CME.M2018,2680.5,1,SELL
2018-04-24 13:30:14.865,ES.CME.M2018,2680.5,30,SELL
2018-04-24 13:30:14.871,ES.CME.M2018,2680.5,4,SELL
2018-04-24 13:30:14.871,ES.CME.M2018,2680.5,35,SELL
2018-04-24 13:30:14.938,ES.CME.M2018,2680.5,1,BUY
2018-04-24 13:30:14.967,ES.CME.M2018,2680.5,2,BUY
2018-04-24 13:30:15.053,ES.CME.M2018,2680.5,19,BUY
2018-04-24 13:30:15.097,ES.CME.M2018,2680.75,1,BUY
2018-04-24 13:30:15.179,ES.CME.M2018,2680.5,1,SELL
2018-04-24 13:30:15.240,ES.CME.M2018,2680.5,1,SELL
2018-04-24 13:30:15.492,ES.CME.M2018,2680.5,1,SELL
2018-04-24 13:30:15.593,ES.CME.M2018,2680.75,1,BUY
2018-04-24 13:30:15.672,ES.CME.M2018,2680.5,1,SELL
2018-04-24 13:30:15.697,ES.CME.M2018,2680.5,5,SELL
2018-04-24 13:30:15.718,ES.CME.M2018,2680.5,1,SELL
2018-04-24 13:30:16.014,ES.CME.M2018,2680.75,1,BUY
2018-04-24 13:30:16.054,ES.CME.M2018,2680.5,1,SELL
2018-04-24 13:30:16.054,ES.CME.M2018,2680.5,1,SELL
2018-04-24 13:30:16.497,ES.CME.M2018,2680.75,2,BUY
2018-04-24 13:30:16.549,ES.CME.M2018,2680.75,60,BUY
2018-04-24 13:30:16.549,ES.CME.M2018,2680.75,220,BUY
2018-04-24 13:30:16.549,ES.CME.M2018,2680.75,3,BUY
2018-04-24 13:30:16.549,ES.CME.M2018,2681.0,1,BUY
2018-04-24 13:30:16.571,ES.CME.M2018,2681.0,1,BUY
2018-04-24 13:30:16.689,ES.CME.M2018,2680.75,2,SELL
2018-04-24 13:30:16.869,ES.CME.M2018,2680.75,1,SELL
2018-04-24 13:30:16.917,ES.CME.M2018,2680.75,3,SELL
2018-04-24 13:30:16.917,ES.CME.M2018,2680.75,13,SELL
2018-04-24 13:30:16.917,ES.CME.M2018,2680.75,9,SELL
2018-04-24 13:30:16.917,ES.CME.M2018,2680.75,14,SELL
2018-04-24 13:30:16.917,ES.CME.M2018,2680.75,16,SELL
2018-04-24 13:30:16.917,ES.CME.M2018,2680.75,1,SELL
2018-04-24 13:30:16.923,ES.CME.M2018,2680.75,50,SELL
2018-04-24 13:30:16.923,ES.CME.M2018,2680.75,11,SELL
2018-04-24 13:30:16.923,ES.CME.M2018,2680.75,2,SELL
2018-04-24 13:30:16.923,ES.CME.M2018,2680.75,2,BUY
2018-04-24 13:30:16.923,ES.CME.M2018,2680.75,1,BUY
2018-04-24 13:30:17.056,ES.CME.M2018,2680.75,1,BUY
2018-04-24 13:30:17.200,ES.CME.M2018,2680.75,5,BUY
2018-04-24 13:30:17.236,ES.CME.M2018,2680.75,1,BUY
2018-04-24 13:30:17.690,ES.CME.M2018,2680.75,1,BUY
2018-04-24 13:30:17.725,ES.CME.M2018,2680.75,1,BUY
2018-04-24 13:30:17.732,ES.CME.M2018,2680.75,1,BUY
2018-04-24 13:30:17.913,ES.CME.M2018,2680.5,2,SELL
2018-04-24 13:30:18.063,ES.CME.M2018,2680.75,2,BUY
2018-04-24 13:30:19.163,ES.CME.M2018,2680.5,36,SELL
2018-04-24 13:30:19.163,ES.CME.M2018,2680.5,9,SELL
2018-04-24 13:30:19.163,ES.CME.M2018,2680.5,3,SELL
2018-04-24 13:30:19.163,ES.CME.M2018,2680.5,6,SELL
2018-04-24 13:30:19.163,ES.CME.M2018,2680.5,5,SELL
2018-04-24 13:30:19.163,ES.CME.M2018,2680.5,15,SELL
2018-04-24 13:30:19.163,ES.CME.M2018,2680.5,3,SELL
2018-04-24 13:30:19.163,ES.CME.M2018,2680.5,3,SELL
2018-04-24 13:30:19.167,ES.CME.M2018,2680.5,5,SELL
2018-04-24 13:30:19.167,ES.CME.M2018,2680.5,14,BUY
2018-04-24 13:30:19.167,ES.CME.M2018,2680.5,1,BUY
2018-04-24 13:30:19.167,ES.CME.M2018,2680.5,4,BUY
2018-04-24 13:30:19.167,ES.CME.M2018,2680.5,5,SELL
2018-04-24 13:30:19.167,ES.CME.M2018,2680.5,3,SELL
2018-04-24 13:30:19.167,ES.CME.M2018,2680.5,2,SELL
2018-04-24 13:30:19.167,ES.CME.M2018,2680.5,1,SELL
2018-04-24 13:30:19.172,ES.CME.M2018,2680.5,2,BUY
2018-04-24 13:30:19.189,ES.CME.M2018,2680.5,1,BUY
2018-04-24 13:30:19.293,ES.CME.M2018,2680.5,1,BUY
2018-04-24 13:30:19.408,ES.CME.M2018,2680.5,30,BUY
2018-04-24 13:30:19.668,ES.CME.M2018,2680.5,8,BUY
2018-04-24 13:30:19.668,ES.CME.M2018,2680.5,6,BUY
2018-04-24 13:30:19.881,ES.CME.M2018,2680.5,1,SELL
2018-04-24 13:30:19.881,ES.CME.M2018,2680.5,2,SELL
2018-04-24 13:30:19.901,ES.CME.M2018,2680.75,12,BUY
2018-04-24 13:30:20.173,ES.CME.M2018,2680.75,1,BUY
2018-04-24 13:30:20.173,ES.CME.M2018,2680.75,3,BUY
2018-04-24 13:30:20.173,ES.CME.M2018,2680.75,3,BUY
2018-04-24 13:30:20.173,ES.CME.M2018,2680.75,4,BUY
2018-04-24 13:30:20.173,ES.CME.M2018,2680.75,1,BUY
2018-04-24 13:30:20.176,ES.CME.M2018,2680.75,29,BUY
2018-04-24 13:30:20.471,ES.CME.M2018,2680.75,1,SELL
2018-04-24 13:30:20.495,ES.CME.M2018,2680.75,5,SELL
2018-04-24 13:30:20.631,ES.CME.M2018,2680.75,2,SELL
2018-04-24 13:30:20.646,ES.CME.M2018,2680.75,1,SELL
2018-04-24 13:30:20.685,ES.CME.M2018,2681.0,2,BUY
2018-04-24 13:30:20.746,ES.CME.M2018,2680.75,2,SELL
2018-04-24 13:30:20.863,ES.CME.M2018,2680.75,4,SELL
2018-04-24 13:30:20.880,ES.CME.M2018,2681.0,1,BUY
2018-04-24 13:30:20.931,ES.CME.M2018,2681.0,1,BUY
2018-04-24 13:30:20.938,ES.CME.M2018,2681.0,1,BUY
2018-04-24 13:30:21.273,ES.CME.M2018,2681.0,5,BUY
2018-04-24 13:30:21.273,ES.CME.M2018,2681.0,15,BUY
2018-04-24 13:30:21.273,ES.CME.M2018,2681.0,1,BUY
2018-04-24 13:30:21.273,ES.CME.M2018,2681.0,8,BUY
2018-04-24 13:30:21.273,ES.CME.M2018,2681.0,1,BUY
2018-04-24 13:30:21.273,ES.CME.M2018,2681.0,2,BUY
2018-04-24 13:30:21.273,ES.CME.M2018,2681.0,2,BUY
2018-04-24 13:30:21.273,ES.CME.M2018,2681.0,9,BUY
2018-04-24 13:30:21.273,ES.CME.M2018,2681.0,6,BUY
2018-04-24 13:30:21.273,ES.CME.M2018,2681.0,2,BUY
2018-04-24 13:30:21.273,ES.CME.M2018,2681.0,3,BUY
2018-04-24 13:30:21.273,ES.CME.M2018,2681.0,1,BUY
2018-04-24 13:30:21.277,ES.CME.M2018,2681.0,37,BUY
2018-04-24 13:30:21.277,ES.CME.M2018,2681.0,2,SELL
2018-04-24 13:30:21.277,ES.CME.M2018,2681.0,5,SELL
2018-04-24 13:30:21.398,ES.CME.M2018,2681.25,3,BUY
2018-04-24 13:30:21.398,ES.CME.M2018,2681.25,1,BUY
2018-04-24 13:30:21.398,ES.CME.M2018,2681.25,2,BUY
2018-04-24 13:30:21.723,ES.CME.M2018,2681.25,1,BUY
2018-04-24 13:30:21.833,ES.CME.M2018,2681.0,2,SELL
2018-04-24 13:30:21.926,ES.CME.M2018,2681.25,64,BUY
2018-04-24 13:30:21.926,ES.CME.M2018,2681.25,30,BUY
2018-04-24 13:30:21.926,ES.CME.M2018,2681.25,29,BUY
2018-04-24 13:30:21.926,ES.CME.M2018,2681.25,11,BUY
2018-04-24 13:30:21.926,ES.CME.M2018,2681.25,3,BUY
2018-04-24 13:30:21.926,ES.CME.M2018,2681.25,10,BUY
2018-04-24 13:30:21.926,ES.CME.M2018,2681.25,35,BUY
2018-04-24 13:30:21.926,ES.CME.M2018,2681.25,10,SELL
2018-04-24 13:30:21.926,ES.CME.M2018,2681.5,1,BUY
2018-04-24 13:30:21.926,ES.CME.M2018,2681.5,1,BUY
2018-04-24 13:30:21.926,ES.CME.M2018,2681.5,1,BUY
2018-04-24 13:30:21.926,ES.CME.M2018,2681.5,1,BUY
2018-04-24 13:30:21.938,ES.CME.M2018,2681.25,1,SELL
2018-04-24 13:30:21.938,ES.CME.M2018,2681.25,2,SELL
2018-04-24 13:30:21.943,ES.CME.M2018,2681.25,26,SELL
2018-04-24 13:30:21.943,ES.CME.M2018,2681.25,2,SELL
2018-04-24 13:30:21.943,ES.CME.M2018,2681.25,10,SELL
2018-04-24 13:30:21.943,ES.CME.M2018,2681.25,3,SELL
2018-04-24 13:30:21.943,ES.CME.M2018,2681.25,2,SELL
2018-04-24 13:30:21.943,ES.CME.M2018,2681.25,10,SELL
2018-04-24 13:30:21.984,ES.CME.M2018,2681.25,2,SELL
2018-04-24 13:30:21.984,ES.CME.M2018,2681.5,1,BUY
2018-04-24 13:30:21.984,ES.CME.M2018,2681.5,1,BUY
2018-04-24 13:30:22.001,ES.CME.M2018,2681.5,3,BUY
2018-04-24 13:30:22.204,ES.CME.M2018,2681.25,70,SELL
2018-04-24 13:30:22.204,ES.CME.M2018,2681.25,22,SELL
2018-04-24 13:30:22.204,ES.CME.M2018,2681.25,3,SELL
2018-04-24 13:30:22.204,ES.CME.M2018,2681.25,8,SELL
2018-04-24 13:30:22.204,ES.CME.M2018,2681.25,1,SELL
2018-04-24 13:30:22.209,ES.CME.M2018,2681.25,13,SELL
2018-04-24 13:30:22.209,ES.CME.M2018,2681.25,15,SELL
2018-04-24 13:30:22.209,ES.CME.M2018,2681.25,4,SELL
2018-04-24 13:30:22.209,ES.CME.M2018,2681.25,3,SELL
2018-04-24 13:30:22.209,ES.CME.M2018,2681.25,4,SELL
2018-04-24 13:30:22.209,ES.CME.M2018,2681.25,3,SELL
2018-04-24 13:30:22.225,ES.CME.M2018,2681.25,1,BUY
2018-04-24 13:30:22.230,ES.CME.M2018,2681.25,3,SELL
2018-04-24 13:30:22.230,ES.CME.M2018,2681.25,1,SELL
2018-04-24 13:30:22.267,ES.CME.M2018,2681.25,2,BUY
2018-04-24 13:30:22.267,ES.CME.M2018,2681.25,1,BUY
2018-04-24 13:30:22.359,ES.CME.M2018,2681.25,1,BUY
2018-04-24 13:30:22.449,ES.CME.M2018,2681.25,1,BUY
2018-04-24 13:30:22.483,ES.CME.M2018,2681.25,1,BUY
2018-04-24 13:30:22.507,ES.CME.M2018,2681.0,1,SELL
2018-04-24 13:30:22.530,ES.CME.M2018,2681.25,1,BUY
2018-04-24 13:30:22.535,ES.CME.M2018,2681.25,1,BUY
2018-04-24 13:30:22.593,ES.CME.M2018,2681.25,20,BUY
2018-04-24 13:30:22.599,ES.CME.M2018,2681.25,8,BUY
2018-04-24 13:30:22.656,ES.CME.M2018,2681.5,1,BUY
2018-04-24 13:30:22.672,ES.CME.M2018,2681.25,1,SELL
2018-04-24 13:30:22.701,ES.CME.M2018,2681.25,1,BUY
2018-04-24 13:30:22.716,ES.CME.M2018,2681.25,7,BUY
2018-04-24 13:30:22.877,ES.CME.M2018,2681.25,1,SELL
2018-04-24 13:30:22.952,ES.CME.M2018,2681.5,1,BUY
2018-04-24 13:30:23.056,ES.CME.M2018,2681.5,1,BUY
2018-04-24 13:30:23.068,ES.CME.M2018,2681.25,3,SELL
2018-04-24 13:30:23.185,ES.CME.M2018,2681.25,1,SELL
2018-04-24 13:30:23.185,ES.CME.M2018,2681.25,12,SELL
2018-04-24 13:30:23.185,ES.CME.M2018,2681.0,1,SELL
2018-04-24 13:30:23.341,ES.CME.M2018,2681.25,1,BUY
2018-04-24 13:30:23.396,ES.CME.M2018,2681.0,2,SELL
2018-04-24 13:30:23.437,ES.CME.M2018,2681.25,33,BUY
2018-04-24 13:30:23.465,ES.CME.M2018,2681.25,1,BUY
2018-04-24 13:30:23.539,ES.CME.M2018,2681.25,1,BUY
2018-04-24 13:30:23.609,ES.CME.M2018,2681.25,1,BUY
2018-04-24 13:30:23.809,ES.CME.M2018,2681.25,2,BUY
2018-04-24 13:30:23.824,ES.CME.M2018,2681.25,2,BUY
2018-04-24 13:30:23.894,ES.CME.M2018,2681.0,1,SELL
2018-04-24 13:30:23.907,ES.CME.M2018,2681.0,1,SELL
2018-04-24 13:30:23.998,ES.CME.M2018,2681.25,1,BUY
2018-04-24 13:30:24.311,ES.CME.M2018,2681.0,1,SELL
2018-04-24 13:30:24.317,ES.CME.M2018,2681.25,2,BUY
2018-04-24 13:30:24.437,ES.CME.M2018,2681.25,1,BUY
2018-04-24 13:30:24.437,ES.CME.M2018,2681.25,1,BUY
2018-04-24 13:30:24.878,ES.CME.M2018,2681.25,1,BUY
2018-04-24 13:30:25.021,ES.CME.M2018,2681.0,1,SELL
2018-04-24 13:30:25.237,ES.CME.M2018,2681.25,1,BUY
2018-04-24 13:30:25.670,ES.CME.M2018,2681.25,60,BUY
2018-04-24 13:30:25.892,ES.CME.M2018,2681.25,50,SELL
2018-04-24 13:30:25.938,ES.CME.M2018,2681.25,14,SELL
2018-04-24 13:30:25.938,ES.CME.M2018,2681.25,2,SELL
2018-04-24 13:30:25.938,ES.CME.M2018,2681.25,2,SELL
2018-04-24 13:30:25.938,ES.CME.M2018,2681.25,71,SELL
2018-04-24 13:30:25.960,ES.CME.M2018,2681.0,25,SELL
2018-04-24 13:30:25.980,ES.CME.M2018,2681.25,3,BUY
2018-04-24 13:30:26.001,ES.CME.M2018,2681.25,2,BUY
2018-04-24 13:30:26.048,ES.CME.M2018,2681.25,1,BUY
2018-04-24 13:30:26.091,ES.CME.M2018,2681.0,1,SELL
2018-04-24 13:30:26.091,ES.CME.M2018,2681.25,2,BUY
2018-04-24 13:30:26.191,ES.CME.M2018,2681.25,1,BUY
2018-04-24 13:30:26.481,ES.CME.M2018,2681.0,25,SELL
2018-04-24 13:30:27.062,ES.CME.M2018,2681.0,1,SELL
2018-04-24 13:30:27.105,ES.CME.M2018,2681.25,1,BUY
2018-04-24 13:30:27.747,ES.CME.M2018,2681.25,33,BUY
2018-04-24 13:30:27.854,ES.CME.M2018,2681.25,1,BUY
2018-04-24 13:30:28.060,ES.CME.M2018,2681.0,1,SELL
2018-04-24 13:30:28.060,ES.CME.M2018,2681.0,1,SELL
2018-04-24 13:30:28.060,ES.CME.M2018,2681.0,14,SELL
2018-04-24 13:30:28.060,ES.CME.M2018,2681.0,1,SELL
2018-04-24 13:30:28.060,ES.CME.M2018,2681.0,60,SELL
2018-04-24 13:30:28.060,ES.CME.M2018,2681.0,59,SELL
2018-04-24 13:30:28.060,ES.CME.M2018,2680.75,1,SELL
2018-04-24 13:30:28.060,ES.CME.M2018,2681.0,3,BUY
2018-04-24 13:30:28.060,ES.CME.M2018,2681.0,1,BUY
2018-04-24 13:30:28.065,ES.CME.M2018,2681.0,39,BUY
2018-04-24 13:30:28.091,ES.CME.M2018,2681.25,1,BUY
2018-04-24 13:30:28.097,ES.CME.M2018,2681.25,1,BUY
2018-04-24 13:30:28.102,ES.CME.M2018,2681.25,1,BUY
2018-04-24 13:30:28.212,ES.CME.M2018,2681.0,1,SELL
2018-04-24 13:30:28.212,ES.CME.M2018,2681.0,1,SELL
2018-04-24 13:30:28.212,ES.CME.M2018,2681.0,1,SELL
2018-04-24 13:30:28.451,ES.CME.M2018,2681.0,1,SELL
2018-04-24 13:30:28.451,ES.CME.M2018,2681.0,6,SELL
2018-04-24 13:30:28.525,ES.CME.M2018,2681.0,1,SELL
2018-04-24 13:30:28.562,ES.CME.M2018,2681.25,6,BUY
2018-04-24 13:30:28.592,ES.CME.M2018,2681.25,4,BUY
2018-04-24 13:30:28.600,ES.CME.M2018,2681.25,3,BUY
2018-04-24 13:30:28.648,ES.CME.M2018,2681.25,1,BUY
2018-04-24 13:30:28.668,ES.CME.M2018,2681.0,1,SELL
2018-04-24 13:30:28.703,ES.CME.M2018,2681.25,4,BUY
2018-04-24 13:30:28.803,ES.CME.M2018,2681.25,4,BUY
2018-04-24 13:30:28.821,ES.CME.M2018,2681.0,1,SELL
2018-04-24 13:30:28.905,ES.CME.M2018,2681.25,1,BUY
2018-04-24 13:30:28.949,ES.CME.M2018,2681.0,1,SELL
2018-04-24 13:30:29.019,ES.CME.M2018,2681.25,4,BUY
2018-04-24 13:30:29.034,ES.CME.M2018,2681.0,3,SELL
2018-04-24 13:30:29.069,ES.CME.M2018,2681.0,1,SELL
2018-04-24 13:30:29.389,ES.CME.M2018,2681.25,1,BUY
2018-04-24 13:30:29.462,ES.CME.M2018,2681.0,5,SELL
2018-04-24 13:30:29.521,ES.CME.M2018,2681.0,2,SELL
2018-04-24 13:30:29.532,ES.CME.M2018,2681.25,1,BUY
2018-04-24 13:30:29.854,ES.CME.M2018,2681.25,4,BUY
2018-04-24 13:30:29.917,ES.CME.M2018,2681.25,1,BUY
2018-04-24 13:30:29.917,ES.CME.M2018,2681.25,1,BUY
2018-04-24 13:30:29.954,ES.CME.M2018,2681.25,4,BUY
2018-04-24 13:30:29.977,ES.CME.M2018,2681.25,1,BUY
2018-04-24 13:30:29.977,ES.CME.M2018,2681.25,15,BUY
2018-04-24 13:30:29.977,ES.CME.M2018,2681.25,8,BUY
2018-04-24 13:30:29.977,ES.CME.M2018,2681.25,2,BUY
2018-04-24 13:30:29.977,ES.CME.M2018,2681.25,8,BUY
2018-04-24 13:30:29.977,ES.CME.M2018,2681.25,10,SELL
2018-04-24 13:30:29.977,ES.CME.M2018,2681.25,4,SELL
2018-04-24 13:30:30.045,ES.CME.M2018,2681.25,1,SELL
2018-04-24 13:30:30.436,ES.CME.M2018,2681.25,1,SELL
2018-04-24 13:30:30.447,ES.CME.M2018,2681.25,1,SELL
2018-04-24 13:30:30.447,ES.CME.M2018,2681.25,1,SELL
2018-04-24 13:30:30.527,ES.CME.M2018,2681.25,1,SELL
2018-04-24 13:30:30.564,ES.CME.M2018,2681.5,1,BUY
2018-04-24 13:30:30.710,ES.CME.M2018,2681.25,1,SELL
2018-04-24 13:30:30.710,ES.CME.M2018,2681.25,4,SELL
2018-04-24 13:30:30.710,ES.CME.M2018,2681.25,1,SELL
2018-04-24 13:30:30.716,ES.CME.M2018,2681.25,5,SELL
2018-04-24 13:30:30.778,ES.CME.M2018,2681.5,3,BUY
2018-04-24 13:30:30.803,ES.CME.M2018,2681.5,1,BUY
2018-04-24 13:30:30.812,ES.CME.M2018,2681.5,2,BUY
2018-04-24 13:30:30.847,ES.CME.M2018,2681.25,2,SELL
2018-04-24 13:30:30.847,ES.CME.M2018,2681.25,1,SELL
2018-04-24 13:30:30.862,ES.CME.M2018,2681.5,1,BUY
2018-04-24 13:30:30.862,ES.CME.M2018,2681.25,4,SELL
2018-04-24 13:30:30.923,ES.CME.M2018,2681.25,1,SELL
2018-04-24 13:30:30.950,ES.CME.M2018,2681.25,1,SELL
2018-04-24 13:30:30.966,ES.CME.M2018,2681.5,2,BUY
2018-04-24 13:30:31.056,ES.CME.M2018,2681.5,4,BUY
2018-04-24 13:30:31.056,ES.CME.M2018,2681.25,2,SELL
2018-04-24 13:30:31.056,ES.CME.M2018,2681.25,2,SELL
2018-04-24 13:30:31.056,ES.CME.M2018,2681.25,3,SELL
2018-04-24 13:30:31.056,ES.CME.M2018,2681.25,5,SELL
2018-04-24 13:30:31.056,ES.CME.M2018,2681.25,4,SELL
2018-04-24 13:30:31.056,ES.CME.M2018,2681.25,1,SELL
2018-04-24 13:30:31.114,ES.CME.M2018,2681.25,1,SELL
2018-04-24 13:30:31.136,ES.CME.M2018,2681.25,4,SELL
2018-04-24 13:30:31.264,ES.CME.M2018,2681.25,1,SELL
2018-04-24 13:30:31.445,ES.CME.M2018,2681.25,1,SELL
2018-04-24 13:30:31.658,ES.CME.M2018,2681.5,1,BUY
2018-04-24 13:30:31.658,ES.CME.M2018,2681.5,1,BUY
2018-04-24 13:30:31.658,ES.CME.M2018,2681.5,1,BUY
2018-04-24 13:30:31.658,ES.CME.M2018,2681.5,4,BUY
2018-04-24 13:30:31.658,ES.CME.M2018,2681.5,4,BUY
2018-04-24 13:30:31.658,ES.CME.M2018,2681.5,10,BUY
2018-04-24 13:30:31.658,ES.CME.M2018,2681.5,84,BUY
2018-04-24 13:30:31.658,ES.CME.M2018,2681.5,1,SELL
2018-04-24 13:30:31.658,ES.CME.M2018,2681.5,1,SELL
2018-04-24 13:30:31.658,ES.CME.M2018,2681.5,1,SELL
2018-04-24 13:30:31.660,ES.CME.M2018,2681.5,1,SELL
2018-04-24 13:30:31.665,ES.CME.M2018,2681.5,1,SELL
2018-04-24 13:30:31.760,ES.CME.M2018,2681.5,1,SELL
2018-04-24 13:30:31.839,ES.CME.M2018,2681.5,1,SELL
2018-04-24 13:30:31.839,ES.CME.M2018,2681.5,1,SELL
2018-04-24 13:30:31.844,ES.CME.M2018,2681.5,1,SELL
2018-04-24 13:30:31.844,ES.CME.M2018,2681.5,1,SELL
2018-04-24 13:30:31.844,ES.CME.M2018,2681.5,5,SELL
2018-04-24 13:30:31.844,ES.CME.M2018,2681.5,41,SELL
2018-04-24 13:30:31.844,ES.CME.M2018,2681.5,17,BUY
2018-04-24 13:30:31.844,ES.CME.M2018,2681.5,11,SELL
2018-04-24 13:30:31.844,ES.CME.M2018,2681.5,4,SELL
2018-04-24 13:30:31.858,ES.CME.M2018,2681.5,7,SELL
2018-04-24 13:30:31.858,ES.CME.M2018,2681.5,3,SELL
2018-04-24 13:30:31.858,ES.CME.M2018,2681.5,1,SELL
2018-04-24 13:30:31.858,ES.CME.M2018,2681.5,2,SELL
2018-04-24 13:30:31.890,ES.CME.M2018,2681.75,4,BUY
2018-04-24 13:30:31.890,ES.CME.M2018,2681.75,1,BUY
2018-04-24 13:30:31.910,ES.CME.M2018,2681.5,9,SELL
2018-04-24 13:30:31.910,ES.CME.M2018,2681.5,3,SELL
2018-04-24 13:30:32.002,ES.CME.M2018,2681.75,1,BUY
2018-04-24 13:30:32.051,ES.CME.M2018,2681.75,1,BUY
2018-04-24 13:30:32.342,ES.CME.M2018,2681.5,23,SELL
2018-04-24 13:30:32.342,ES.CME.M2018,2681.5,23,SELL
2018-04-24 13:30:32.342,ES.CME.M2018,2681.5,1,BUY
2018-04-24 13:30:32.342,ES.CME.M2018,2681.5,2,BUY
2018-04-24 13:30:32.342,ES.CME.M2018,2681.5,4,BUY
2018-04-24 13:30:32.474,ES.CME.M2018,2681.5,1,BUY
2018-04-24 13:30:32.474,ES.CME.M2018,2681.25,1,SELL
2018-04-24 13:30:32.482,ES.CME.M2018,2681.5,1,BUY
2018-04-24 13:30:32.525,ES.CME.M2018,2681.5,2,BUY
2018-04-24 13:30:32.580,ES.CME.M2018,2681.25,1,SELL
2018-04-24 13:30:32.590,ES.CME.M2018,2681.25,49,SELL
2018-04-24 13:30:32.590,ES.CME.M2018,2681.25,1,SELL
2018-04-24 13:30:32.606,ES.CME.M2018,2681.25,1,BUY
2018-04-24 13:30:32.657,ES.CME.M2018,2681.25,12,BUY
2018-04-24 13:30:32.657,ES.CME.M2018,2681.25,5,BUY
2018-04-24 13:30:32.657,ES.CME.M2018,2681.25,1,BUY
2018-04-24 13:30:32.657,ES.CME.M2018,2681.25,1,BUY
2018-04-24 13:30:32.669,ES.CME.M2018,2681.25,1,SELL
2018-04-24 13:30:32.751,ES.CME.M2018,2681.25,1,SELL
2018-04-24 13:30:32.751,ES.CME.M2018,2681.25,1,SELL
2018-04-24 13:30:32.751,ES.CME.M2018,2681.25,1,SELL
2018-04-24 13:30:32.780,ES.CME.M2018,2681.25,4,BUY
2018-04-24 13:30:32.780,ES.CME.M2018,2681.25,3,BUY
2018-04-24 13:30:32.780,ES.CME.M2018,2681.25,2,BUY
2018-04-24 13:30:32.780,ES.CME.M2018,2681.25,2,BUY
2018-04-24 13:30:32.852,ES.CME.M2018,2681.25,1,BUY
2018-04-24 13:30:32.852,ES.CME.M2018,2681.25,4,BUY
2018-04-24 13:30:32.875,ES.CME.M2018,2681.25,1,BUY
2018-04-24 13:30:32.875,ES.CME.M2018,2681.25,1,BUY
2018-04-24 13:30:32.920,ES.CME.M2018,2681.25,4,BUY
2018-04-24 13:30:32.920,ES.CME.M2018,2681.25,1,BUY
2018-04-24 13:30:33.002,ES.CME.M2018,2681.5,4,BUY
2018-04-24 13:30:33.180,ES.CME.M2018,2681.5,4,BUY
2018-04-24 13:30:33.281,ES.CME.M2018,2681.5,1,BUY
2018-04-24 13:30:33.310,ES.CME.M2018,2681.5,4,BUY
2018-04-24 13:30:33.357,ES.CME.M2018,2681.25,10,SELL
2018-04-24 13:30:33.357,ES.CME.M2018,2681.25,1,SELL
2018-04-24 13:30:33.498,ES.CME.M2018,2681.25,1,SELL
2018-04-24 13:30:33.595,ES.CME.M2018,2681.5,2,BUY
2018-04-24 13:30:33.670,ES.CME.M2018,2681.5,1,BUY
2018-04-24 13:30:34.230,ES.CME.M2018,2681.5,26,BUY
2018-04-24 13:30:34.230,ES.CME.M2018,2681.5,28,BUY
2018-04-24 13:30:34.285,ES.CME.M2018,2681.5,1,SELL
2018-04-24 13:30:34.303,ES.CME.M2018,2681.5,5,SELL
2018-04-24 13:30:34.338,ES.CME.M2018,2681.5,1,SELL
2018-04-24 13:30:34.338,ES.CME.M2018,2681.5,1,SELL
2018-04-24 13:30:34.338,ES.CME.M2018,2681.5,15,SELL
2018-04-24 13:30:34.338,ES.CME.M2018,2681.5,1,SELL
2018-04-24 13:30:34.338,ES.CME.M2018,2681.5,1,BUY
2018-04-24 13:30:34.338,ES.CME.M2018,2681.5,16,BUY
2018-04-24 13:30:34.338,ES.CME.M2018,2681.5,1,BUY
2018-04-24 13:30:34.338,ES.CME.M2018,2681.5,1,BUY
2018-04-24 13:30:34.383,ES.CME.M2018,2681.5,1,SELL
2018-04-24 13:30:34.411,ES.CME.M2018,2681.5,1,SELL
2018-04-24 13:30:34.417,ES.CME.M2018,2681.5,1,SELL
2018-04-24 13:30:34.441,ES.CME.M2018,2681.5,4,SELL
2018-04-24 13:30:34.473,ES.CME.M2018,2681.5,1,SELL
2018-04-24 13:30:34.532,ES.CME.M2018,2681.5,1,SELL
2018-04-24 13:30:34.575,ES.CME.M2018,2681.5,1,BUY
2018-04-24 13:30:34.586,ES.CME.M2018,2681.5,1,SELL
2018-04-24 13:30:34.899,ES.CME.M2018,2681.75,1,BUY
2018-04-24 13:30:34.899,ES.CME.M2018,2681.75,2,BUY
2018-04-24 13:30:35.350,ES.CME.M2018,2681.5,10,SELL
2018-04-24 13:30:35.479,ES.CME.M2018,2681.75,1,BUY
2018-04-24 13:30:35.641,ES.CME.M2018,2681.75,1,BUY
2018-04-24 13:30:35.936,ES.CME.M2018,2681.75,1,BUY
2018-04-24 13:30:35.936,ES.CME.M2018,2681.75,1,BUY
2018-04-24 13:30:36.005,ES.CME.M2018,2681.75,1,BUY
2018-04-24 13:30:36.157,ES.CME.M2018,2681.75,2,BUY
2018-04-24 13:30:36.193,ES.CME.M2018,2681.5,2,SELL
2018-04-24 13:30:36.283,ES.CME.M2018,2681.75,1,BUY
2018-04-24 13:30:36.294,ES.CME.M2018,2681.75,1,BUY
2018-04-24 13:30:36.367,ES.CME.M2018,2681.75,1,BUY
2018-04-24 13:30:36.377,ES.CME.M2018,2681.75,1,BUY
2018-04-24 13:30:36.383,ES.CME.M2018,2681.5,2,SELL
2018-04-24 13:30:36.445,ES.CME.M2018,2681.75,1,BUY
2018-04-24 13:30:36.566,ES.CME.M2018,2681.5,1,SELL
2018-04-24 13:30:36.597,ES.CME.M2018,2681.75,1,BUY
2018-04-24 13:30:36.605,ES.CME.M2018,2681.75,1,BUY
2018-04-24 13:30:36.635,ES.CME.M2018,2681.75,1,BUY
2018-04-24 13:30:36.687,ES.CME.M2018,2681.75,1,BUY
2018-04-24 13:30:36.758,ES.CME.M2018,2681.75,1,BUY
2018-04-24 13:30:36.864,ES.CME.M2018,2681.75,1,BUY
2018-04-24 13:30:36.928,ES.CME.M2018,2681.75,4,BUY
2018-04-24 13:30:37.025,ES.CME.M2018,2681.75,1,BUY
2018-04-24 13:30:37.065,ES.CME.M2018,2681.5,1,SELL
2018-04-24 13:30:37.101,ES.CME.M2018,2681.75,1,BUY
2018-04-24 13:30:37.510,ES.CME.M2018,2681.75,5,BUY
2018-04-24 13:30:37.517,ES.CME.M2018,2681.75,1,BUY
2018-04-24 13:30:37.665,ES.CME.M2018,2681.75,3,BUY
2018-04-24 13:30:37.696,ES.CME.M2018,2681.5,9,SELL
2018-04-24 13:30:37.782,ES.CME.M2018,2681.5,7,SELL
2018-04-24 13:30:37.782,ES.CME.M2018,2681.5,6,SELL
2018-04-24 13:30:37.782,ES.CME.M2018,2681.5,26,SELL
2018-04-24 13:30:37.782,ES.CME.M2018,2681.5,5,SELL
2018-04-24 13:30:37.782,ES.CME.M2018,2681.5,1,SELL
2018-04-24 13:30:37.782,ES.CME.M2018,2681.5,8,SELL
2018-04-24 13:30:37.782,ES.CME.M2018,2681.5,3,SELL
2018-04-24 13:30:37.782,ES.CME.M2018,2681.5,9,SELL
2018-04-24 13:30:37.782,ES.CME.M2018,2681.5,3,SELL
2018-04-24 13:30:37.782,ES.CME.M2018,2681.5,10,SELL
2018-04-24 13:30:37.782,ES.CME.M2018,2681.5,3,BUY
2018-04-24 13:30:37.782,ES.CME.M2018,2681.5,23,BUY
2018-04-24 13:30:37.782,ES.CME.M2018,2681.5,13,BUY
2018-04-24 13:30:37.782,ES.CME.M2018,2681.5,2,BUY
2018-04-24 13:30:37.782,ES.CME.M2018,2681.5,2,BUY
2018-04-24 13:30:37.782,ES.CME.M2018,2681.5,2,BUY
2018-04-24 13:30:37.787,ES.CME.M2018,2681.5,1,SELL
2018-04-24 13:30:37.793,ES.CME.M2018,2681.5,1,SELL
2018-04-24 13:30:37.793,ES.CME.M2018,2681.5,2,SELL
2018-04-24 13:30:37.929,ES.CME.M2018,2681.25,60,SELL
2018-04-24 13:30:38.094,ES.CME.M2018,2681.25,20,SELL
2018-04-24 13:30:38.097,ES.CME.M2018,2681.25,19,SELL
2018-04-24 13:30:38.121,ES.CME.M2018,2681.5,1,BUY
2018-04-24 13:30:38.233,ES.CME.M2018,2681.25,1,SELL
2018-04-24 13:30:38.238,ES.CME.M2018,2681.5,1,BUY
2018-04-24 13:30:38.306,ES.CME.M2018,2681.5,1,BUY
2018-04-24 13:30:38.399,ES.CME.M2018,2681.25,1,SELL
2018-04-24 13:30:38.444,ES.CME.M2018,2681.25,1,SELL
2018-04-24 13:30:38.473,ES.CME.M2018,2681.25,6,SELL
2018-04-24 13:30:38.473,ES.CME.M2018,2681.25,4,SELL
2018-04-24 13:30:38.473,ES.CME.M2018,2681.25,1,SELL
2018-04-24 13:30:38.479,ES.CME.M2018,2681.25,1,SELL
2018-04-24 13:30:38.484,ES.CME.M2018,2681.25,2,SELL
2018-04-24 13:30:38.489,ES.CME.M2018,2681.25,1,SELL
2018-04-24 13:30:38.685,ES.CME.M2018,2681.25,1,SELL
2018-04-24 13:30:38.777,ES.CME.M2018,2681.25,1,SELL
2018-04-24 13:30:38.799,ES.CME.M2018,2681.5,2,BUY
2018-04-24 13:30:38.804,ES.CME.M2018,2681.5,1,BUY
2018-04-24 13:30:38.941,ES.CME.M2018,2681.25,1,SELL
2018-04-24 13:30:39.008,ES.CME.M2018,2681.25,11,SELL
2018-04-24 13:30:39.094,ES.CME.M2018,2681.25,31,SELL
2018-04-24 13:30:39.094,ES.CME.M2018,2681.25,101,SELL
2018-04-24 13:30:39.094,ES.CME.M2018,2681.25,1,SELL
2018-04-24 13:30:39.094,ES.CME.M2018,2681.0,1,SELL
2018-04-24 13:30:39.327,ES.CME.M2018,2681.25,1,BUY
2018-04-24 13:30:39.432,ES.CME.M2018,2681.25,1,BUY
2018-04-24 13:30:39.480,ES.CME.M2018,2681.25,2,BUY
2018-04-24 13:30:39.480,ES.CME.M2018,2681.25,1,BUY
2018-04-24 13:30:39.480,ES.CME.M2018,2681.25,26,BUY
2018-04-24 13:30:39.480,ES.CME.M2018,2681.25,1,BUY
2018-04-24 13:30:39.480,ES.CME.M2018,2681.25,4,SELL
2018-04-24 13:30:39.480,ES.CME.M2018,2681.25,4,SELL
2018-04-24 13:30:39.480,ES.CME.M2018,2681.25,1,SELL
2018-04-24 13:30:39.480,ES.CME.M2018,2681.25,13,SELL
2018-04-24 13:30:39.480,ES.CME.M2018,2681.25,6,BUY
2018-04-24 13:30:39.480,ES.CME.M2018,2681.25,2,BUY
2018-04-24 13:30:39.480,ES.CME.M2018,2681.25,1,SELL
2018-04-24 13:30:39.580,ES.CME.M2018,2681.25,2,SELL
2018-04-24 13:30:39.580,ES.CME.M2018,2681.25,17,SELL
2018-04-24 13:30:39.585,ES.CME.M2018,2681.25,10,BUY
2018-04-24 13:30:39.597,ES.CME.M2018,2681.25,1,SELL
2018-04-24 13:30:39.627,ES.CME.M2018,2681.25,1,SELL
2018-04-24 13:30:39.627,ES.CME.M2018,2681.25,9,SELL
2018-04-24 13:30:39.963,ES.CME.M2018,2681.25,1,BUY
2018-04-24 13:30:40.360,ES.CME.M2018,2681.25,1,BUY
2018-04-24 13:30:40.381,ES.CME.M2018,2681.25,1,BUY
2018-04-24 13:30:40.399,ES.CME.M2018,2681.25,1,BUY
2018-04-24 13:30:40.399,ES.CME.M2018,2681.25,2,BUY
2018-04-24 13:30:40.399,ES.CME.M2018,2681.25,1,BUY
2018-04-24 13:30:40.399,ES.CME.M2018,2681.25,1,BUY
2018-04-24 13:30:40.404,ES.CME.M2018,2681.25,13,BUY
2018-04-24 13:30:40.420,ES.CME.M2018,2681.25,9,SELL
2018-04-24 13:30:40.420,ES.CME.M2018,2681.25,7,BUY
2018-04-24 13:30:40.420,ES.CME.M2018,2681.25,13,BUY
2018-04-24 13:30:40.420,ES.CME.M2018,2681.25,1,BUY
2018-04-24 13:30:40.420,ES.CME.M2018,2681.25,1,SELL
2018-04-24 13:30:40.420,ES.CME.M2018,2681.25,2,BUY
2018-04-24 13:30:40.664,ES.CME.M2018,2681.25,4,BUY
2018-04-24 13:30:40.664,ES.CME.M2018,2681.25,1,BUY
2018-04-24 13:30:40.838,ES.CME.M2018,2681.25,2,BUY
2018-04-24 13:30:40.848,ES.CME.M2018,2681.25,1,BUY
2018-04-24 13:30:41.133,ES.CME.M2018,2681.25,8,BUY
2018-04-24 13:30:41.197,ES.CME.M2018,2681.25,2,SELL
2018-04-24 13:30:41.218,ES.CME.M2018,2681.5,1,BUY
2018-04-24 13:30:41.647,ES.CME.M2018,2681.5,4,BUY
2018-04-24 13:30:41.658,ES.CME.M2018,2681.5,1,BUY
2018-04-24 13:30:41.669,ES.CME.M2018,2681.5,1,BUY
2018-04-24 13:30:41.752,ES.CME.M2018,2681.5,3,BUY
2018-04-24 13:30:41.780,ES.CME.M2018,2681.5,4,BUY
2018-04-24 13:30:41.780,ES.CME.M2018,2681.5,1,BUY
2018-04-24 13:30:41.780,ES.CME.M2018,2681.5,77,BUY
2018-04-24 13:30:41.780,ES.CME.M2018,2681.5,18,BUY
2018-04-24 13:30:41.796,ES.CME.M2018,2681.5,1,SELL
2018-04-24 13:30:41.867,ES.CME.M2018,2681.5,6,SELL
2018-04-24 13:30:41.867,ES.CME.M2018,2681.75,4,BUY
2018-04-24 13:30:41.867,ES.CME.M2018,2681.5,13,SELL
2018-04-24 13:30:41.867,ES.CME.M2018,2681.5,1,SELL
2018-04-24 13:30:41.867,ES.CME.M2018,2681.25,1,SELL
2018-04-24 13:30:41.867,ES.CME.M2018,2681.25,1,SELL
2018-04-24 13:30:41.867,ES.CME.M2018,2681.5,1,SELL
2018-04-24 13:30:41.894,ES.CME.M2018,2681.5,4,BUY
2018-04-24 13:30:41.958,ES.CME.M2018,2681.5,1,BUY
2018-04-24 13:30:41.962,ES.CME.M2018,2681.25,1,SELL
2018-04-24 13:30:42.015,ES.CME.M2018,2681.5,4,BUY
2018-04-24 13:30:42.069,ES.CME.M2018,2681.5,4,BUY
2018-04-24 13:30:42.080,ES.CME.M2018,2681.5,1,BUY
2018-04-24 13:30:42.168,ES.CME.M2018,2681.5,4,BUY
2018-04-24 13:30:42.204,ES.CME.M2018,2681.5,1,BUY
2018-04-24 13:30:42.230,ES.CME.M2018,2681.5,4,BUY
2018-04-24 13:30:42.274,ES.CME.M2018,2681.5,4,BUY
2018-04-24 13:30:42.332,ES.CME.M2018,2681.25,1,SELL
2018-04-24 13:30:42.338,ES.CME.M2018,2681.5,4,BUY
2018-04-24 13:30:42.358,ES.CME.M2018,2681.5,1,BUY
2018-04-24 13:30:42.379,ES.CME.M2018,2681.5,4,BUY
2018-04-24 13:30:42.379,ES.CME.M2018,2681.25,1,SELL
2018-04-24 13:30:42.438,ES.CME.M2018,2681.5,4,BUY
2018-04-24 13:30:42.449,ES.CME.M2018,2681.5,10,BUY
2018-04-24 13:30:42.449,ES.CME.M2018,2681.5,1,BUY
2018-04-24 13:30:42.449,ES.CME.M2018,2681.5,2,BUY
2018-04-24 13:30:42.449,ES.CME.M2018,2681.5,5,BUY
2018-04-24 13:30:42.449,ES.CME.M2018,2681.5,1,SELL
2018-04-24 13:30:42.449,ES.CME.M2018,2681.5,6,SELL
2018-04-24 13:30:42.449,ES.CME.M2018,2681.5,1,SELL
2018-04-24 13:30:42.449,ES.CME.M2018,2681.5,1,SELL
2018-04-24 13:30:42.481,ES.CME.M2018,2681.5,4,BUY
2018-04-24 13:30:42.531,ES.CME.M2018,2681.5,1,BUY
2018-04-24 13:30:42.531,ES.CME.M2018,2681.5,2,BUY
2018-04-24 13:30:42.536,ES.CME.M2018,2681.5,1,SELL
2018-04-24 13:30:42.536,ES.CME.M2018,2681.5,1,SELL
2018-04-24 13:30:42.573,ES.CME.M2018,2681.5,1,SELL
2018-04-24 13:30:42.655,ES.CME.M2018,2681.75,3,BUY
2018-04-24 13:30:42.895,ES.CME.M2018,2681.5,1,SELL
2018-04-24 13:30:43.361,ES.CME.M2018,2681.75,1,BUY
2018-04-24 13:30:43.559,ES.CME.M2018,2681.5,1,SELL
2018-04-24 13:30:43.609,ES.CME.M2018,2681.5,1,SELL
2018-04-24 13:30:43.624,ES.CME.M2018,2681.5,6,SELL
2018-04-24 13:30:43.624,ES.CME.M2018,2681.5,1,SELL
2018-04-24 13:30:43.624,ES.CME.M2018,2681.5,29,SELL
2018-04-24 13:30:43.624,ES.CME.M2018,2681.5,3,BUY
2018-04-24 13:30:43.624,ES.CME.M2018,2681.5,11,BUY
2018-04-24 13:30:43.624,ES.CME.M2018,2681.5,3,SELL
2018-04-24 13:30:43.624,ES.CME.M2018,2681.5,2,SELL
2018-04-24 13:30:43.629,ES.CME.M2018,2681.5,1,SELL
2018-04-24 13:30:43.773,ES.CME.M2018,2681.75,4,BUY
2018-04-24 13:30:43.778,ES.CME.M2018,2681.75,4,BUY
2018-04-24 13:30:43.848,ES.CME.M2018,2681.5,3,SELL
2018-04-24 13:30:43.894,ES.CME.M2018,2681.5,1,SELL
2018-04-24 13:30:44.293,ES.CME.M2018,2681.5,1,SELL
2018-04-24 13:30:44.293,ES.CME.M2018,2681.75,1,BUY
2018-04-24 13:30:44.559,ES.CME.M2018,2681.75,3,BUY
2018-04-24 13:30:44.770,ES.CME.M2018,2681.5,1,SELL
2018-04-24 13:30:44.955,ES.CME.M2018,2681.75,20,BUY
2018-04-24 13:30:45.312,ES.CME.M2018,2681.5,1,SELL
2018-04-24 13:30:45.366,ES.CME.M2018,2681.75,4,BUY
2018-04-24 13:30:45.458,ES.CME.M2018,2681.75,1,BUY
2018-04-24 13:30:45.472,ES.CME.M2018,2681.75,1,BUY
2018-04-24 13:30:45.495,ES.CME.M2018,2681.75,4,BUY
2018-04-24 13:30:45.563,ES.CME.M2018,2681.75,3,BUY
2018-04-24 13:30:45.627,ES.CME.M2018,2681.75,2,BUY
2018-04-24 13:30:45.669,ES.CME.M2018,2681.75,1,BUY
2018-04-24 13:30:45.681,ES.CME.M2018,2681.75,1,BUY
2018-04-24 13:30:45.718,ES.CME.M2018,2681.75,4,BUY
2018-04-24 13:30:45.718,ES.CME.M2018,2681.5,1,SELL
2018-04-24 13:30:45.724,ES.CME.M2018,2681.5,7,SELL
2018-04-24 13:30:45.733,ES.CME.M2018,2681.75,1,BUY
2018-04-24 13:30:45.738,ES.CME.M2018,2681.75,1,BUY
2018-04-24 13:30:45.750,ES.CME.M2018,2681.75,4,BUY
2018-04-24 13:30:45.811,ES.CME.M2018,2681.75,1,BUY
2018-04-24 13:30:45.822,ES.CME.M2018,2681.75,1,BUY
2018-04-24 13:30:45.857,ES.CME.M2018,2681.75,4,BUY
2018-04-24 13:30:45.857,ES.CME.M2018,2681.75,5,BUY
2018-04-24 13:30:45.857,ES.CME.M2018,2681.75,4,BUY
2018-04-24 13:30:45.857,ES.CME.M2018,2681.75,2,BUY
2018-04-24 13:30:45.857,ES.CME.M2018,2681.75,1,BUY
2018-04-24 13:30:45.857,ES.CME.M2018,2681.75,3,BUY
2018-04-24 13:30:45.857,ES.CME.M2018,2681.75,1,BUY
2018-04-24 13:30:45.857,ES.CME.M2018,2681.75,6,BUY
2018-04-24 13:30:45.867,ES.CME.M2018,2681.75,3,BUY
2018-04-24 13:30:45.867,ES.CME.M2018,2681.75,8,BUY
2018-04-24 13:30:45.867,ES.CME.M2018,2681.75,3,BUY
2018-04-24 13:30:45.867,ES.CME.M2018,2681.75,6,BUY
2018-04-24 13:30:45.867,ES.CME.M2018,2681.75,3,BUY
2018-04-24 13:30:45.867,ES.CME.M2018,2681.75,11,BUY
2018-04-24 13:30:45.867,ES.CME.M2018,2681.75,2,BUY
2018-04-24 13:30:45.867,ES.CME.M2018,2681.75,21,SELL
2018-04-24 13:30:45.867,ES.CME.M2018,2681.75,1,SELL
2018-04-24 13:30:45.867,ES.CME.M2018,2681.75,1,SELL
2018-04-24 13:30:45.871,ES.CME.M2018,2681.75,1,SELL
2018-04-24 13:30:45.871,ES.CME.M2018,2681.75,1,SELL
2018-04-24 13:30:45.871,ES.CME.M2018,2681.75,1,SELL
2018-04-24 13:30:45.904,ES.CME.M2018,2682.0,1,BUY
2018-04-24 13:30:45.904,ES.CME.M2018,2682.0,1,BUY
2018-04-24 13:30:45.904,ES.CME.M2018,2682.0,1,BUY
2018-04-24 13:30:45.904,ES.CME.M2018,2682.0,1,BUY
2018-04-24 13:30:45.904,ES.CME.M2018,2682.0,1,BUY
2018-04-24 13:30:45.904,ES.CME.M2018,2682.0,1,BUY
2018-04-24 13:30:45.904,ES.CME.M2018,2682.0,1,BUY
2018-04-24 13:30:45.904,ES.CME.M2018,2682.0,2,BUY
2018-04-24 13:30:45.904,ES.CME.M2018,2682.0,1,BUY
2018-04-24 13:30:46.120,ES.CME.M2018,2681.75,1,SELL
2018-04-24 13:30:46.126,ES.CME.M2018,2681.75,1,SELL
2018-04-24 13:30:46.126,ES.CME.M2018,2681.75,1,SELL
2018-04-24 13:30:46.126,ES.CME.M2018,2681.75,1,SELL
2018-04-24 13:30:46.126,ES.CME.M2018,2681.75,1,SELL
2018-04-24 13:30:46.126,ES.CME.M2018,2681.75,1,SELL
2018-04-24 13:30:46.126,ES.CME.M2018,2681.75,1,SELL
2018-04-24 13:30:46.126,ES.CME.M2018,2681.75,1,SELL
2018-04-24 13:30:46.126,ES.CME.M2018,2681.75,1,SELL
2018-04-24 13:30:46.170,ES.CME.M2018,2682.0,1,BUY
2018-04-24 13:30:46.182,ES.CME.M2018,2681.75,17,SELL
2018-04-24 13:30:46.182,ES.CME.M2018,2681.75,1,BUY
2018-04-24 13:30:46.214,ES.CME.M2018,2681.75,4,BUY
2018-04-24 13:30:46.219,ES.CME.M2018,2681.75,3,BUY
2018-04-24 13:30:46.219,ES.CME.M2018,2681.75,4,BUY
2018-04-24 13:30:46.219,ES.CME.M2018,2681.75,2,BUY
2018-04-24 13:30:46.219,ES.CME.M2018,2681.75,1,BUY
2018-04-24 13:30:46.224,ES.CME.M2018,2681.75,5,SELL
2018-04-24 13:30:46.241,ES.CME.M2018,2682.0,1,BUY
2018-04-24 13:30:46.241,ES.CME.M2018,2681.75,1,SELL
2018-04-24 13:30:46.312,ES.CME.M2018,2681.75,4,BUY
2018-04-24 13:30:46.324,ES.CME.M2018,2681.75,4,BUY
2018-04-24 13:30:46.324,ES.CME.M2018,2681.75,1,BUY
2018-04-24 13:30:46.324,ES.CME.M2018,2681.75,3,BUY
2018-04-24 13:30:46.324,ES.CME.M2018,2681.75,1,BUY
2018-04-24 13:30:46.442,ES.CME.M2018,2681.75,3,SELL
2018-04-24 13:30:46.442,ES.CME.M2018,2681.75,1,SELL
2018-04-24 13:30:46.442,ES.CME.M2018,2681.5,1,SELL
2018-04-24 13:30:46.473,ES.CME.M2018,2681.75,3,BUY
2018-04-24 13:30:46.473,ES.CME.M2018,2681.75,2,BUY
2018-04-24 13:30:46.520,ES.CME.M2018,2681.75,1,BUY
2018-04-24 13:30:46.535,ES.CME.M2018,2681.5,1,SELL
2018-04-24 13:30:46.574,ES.CME.M2018,2681.75,1,BUY
2018-04-24 13:30:46.574,ES.CME.M2018,2681.75,4,BUY
2018-04-24 13:30:46.616,ES.CME.M2018,2681.75,1,BUY
2018-04-24 13:30:46.616,ES.CME.M2018,2681.75,2,BUY
2018-04-24 13:30:46.689,ES.CME.M2018,2681.5,7,SELL
2018-04-24 13:30:46.694,ES.CME.M2018,2681.5,1,SELL
2018-04-24 13:30:46.769,ES.CME.M2018,2681.5,1,SELL
2018-04-24 13:30:46.875,ES.CME.M2018,2681.75,4,BUY
2018-04-24 13:30:46.875,ES.CME.M2018,2681.75,3,BUY
2018-04-24 13:30:46.952,ES.CME.M2018,2681.75,2,BUY
2018-04-24 13:30:47.109,ES.CME.M2018,2681.5,1,SELL
2018-04-24 13:30:47.114,ES.CME.M2018,2681.5,1,SELL
2018-04-24 13:30:47.217,ES.CME.M2018,2681.75,1,BUY
2018-04-24 13:30:47.245,ES.CME.M2018,2681.75,3,BUY
2018-04-24 13:30:47.462,ES.CME.M2018,2681.75,1,BUY
2018-04-24 13:30:47.462,ES.CME.M2018,2681.75,4,BUY
2018-04-24 13:30:47.462,ES.CME.M2018,2681.75,10,BUY
2018-04-24 13:30:47.462,ES.CME.M2018,2681.75,6,BUY
2018-04-24 13:30:47.462,ES.CME.M2018,2681.75,1,SELL
2018-04-24 13:30:47.462,ES.CME.M2018,2681.75,1,SELL
2018-04-24 13:30:47.467,ES.CME.M2018,2681.75,1,SELL
2018-04-24 13:30:47.467,ES.CME.M2018,2681.75,1,SELL
2018-04-24 13:30:47.534,ES.CME.M2018,2681.75,1,SELL
2018-04-24 13:30:47.693,ES.CME.M2018,2681.75,7,SELL
2018-04-24 13:30:47.693,ES.CME.M2018,2681.75,8,SELL
2018-04-24 13:30:47.720,ES.CME.M2018,2681.75,4,BUY
2018-04-24 13:30:47.998,ES.CME.M2018,2681.75,3,BUY
2018-04-24 13:30:48.003,ES.CME.M2018,2681.75,4,BUY
2018-04-24 13:30:48.003,ES.CME.M2018,2681.75,2,BUY
2018-04-24 13:30:48.003,ES.CME.M2018,2681.75,2,SELL
2018-04-24 13:30:48.003,ES.CME.M2018,2681.75,2,BUY
2018-04-24 13:30:48.003,ES.CME.M2018,2681.75,3,BUY
2018-04-24 13:30:48.053,ES.CME.M2018,2681.75,4,BUY
2018-04-24 13:30:48.221,ES.CME.M2018,2681.5,1,SELL
2018-04-24 13:30:48.425,ES.CME.M2018,2681.5,1,SELL
2018-04-24 13:30:48.487,ES.CME.M2018,2681.5,27,SELL
2018-04-24 13:30:48.487,ES.CME.M2018,2681.5,26,SELL
2018-04-24 13:30:48.487,ES.CME.M2018,2681.5,10,SELL
2018-04-24 13:30:48.487,ES.CME.M2018,2681.5,2,SELL
2018-04-24 13:30:48.487,ES.CME.M2018,2681.5,8,SELL
2018-04-24 13:30:48.487,ES.CME.M2018,2681.5,2,SELL
2018-04-24 13:30:48.487,ES.CME.M2018,2681.5,6,SELL
2018-04-24 13:30:48.487,ES.CME.M2018,2681.5,2,SELL
2018-04-24 13:30:48.487,ES.CME.M2018,2681.5,5,SELL
2018-04-24 13:30:48.487,ES.CME.M2018,2681.5,8,SELL
2018-04-24 13:30:48.487,ES.CME.M2018,2681.5,1,SELL
2018-04-24 13:30:48.487,ES.CME.M2018,2681.5,2,SELL
2018-04-24 13:30:48.487,ES.CME.M2018,2681.5,3,SELL
2018-04-24 13:30:48.487,ES.CME.M2018,2681.5,2,SELL
2018-04-24 13:30:48.487,ES.CME.M2018,2681.5,8,SELL
2018-04-24 13:30:48.492,ES.CME.M2018,2681.5,1,BUY
2018-04-24 13:30:48.492,ES.CME.M2018,2681.5,1,BUY
2018-04-24 13:30:48.492,ES.CME.M2018,2681.5,1,BUY
2018-04-24 13:30:48.492,ES.CME.M2018,2681.5,3,BUY
2018-04-24 13:30:48.492,ES.CME.M2018,2681.5,5,BUY
2018-04-24 13:30:48.492,ES.CME.M2018,2681.5,4,BUY
2018-04-24 13:30:48.492,ES.CME.M2018,2681.5,18,SELL
2018-04-24 13:30:48.492,ES.CME.M2018,2681.5,1,SELL
2018-04-24 13:30:48.492,ES.CME.M2018,2681.5,3,SELL
2018-04-24 13:30:48.492,ES.CME.M2018,2681.5,3,SELL
2018-04-24 13:30:48.492,ES.CME.M2018,2681.5,10,SELL
2018-04-24 13:30:48.492,ES.CME.M2018,2681.25,9,SELL
2018-04-24 13:30:48.492,ES.CME.M2018,2681.5,1,BUY
2018-04-24 13:30:48.492,ES.CME.M2018,2681.5,1,BUY
2018-04-24 13:30:48.492,ES.CME.M2018,2681.5,1,BUY
2018-04-24 13:30:48.492,ES.CME.M2018,2681.5,1,BUY
2018-04-24 13:30:48.492,ES.CME.M2018,2681.5,1,BUY
2018-04-24 13:30:48.492,ES.CME.M2018,2681.25,20,SELL
2018-04-24 13:30:48.492,ES.CME.M2018,2681.25,1,SELL
2018-04-24 13:30:48.652,ES.CME.M2018,2681.5,1,BUY
2018-04-24 13:30:48.692,ES.CME.M2018,2681.5,1,BUY
2018-04-24 13:30:48.727,ES.CME.M2018,2681.25,7,SELL
2018-04-24 13:30:48.727,ES.CME.M2018,2681.25,2,SELL
2018-04-24 13:30:48.769,ES.CME.M2018,2681.5,1,BUY
2018-04-24 13:30:49.032,ES.CME.M2018,2681.5,1,BUY
2018-04-24 13:30:49.044,ES.CME.M2018,2681.5,1,BUY
2018-04-24 13:30:49.183,ES.CME.M2018,2681.5,2,BUY
2018-04-24 13:30:49.237,ES.CME.M2018,2681.25,7,SELL
2018-04-24 13:30:49.272,ES.CME.M2018,2681.5,1,BUY
2018-04-24 13:30:49.311,ES.CME.M2018,2681.25,6,SELL
2018-04-24 13:30:49.311,ES.CME.M2018,2681.25,10,SELL
2018-04-24 13:30:49.311,ES.CME.M2018,2681.25,3,SELL
2018-04-24 13:30:49.311,ES.CME.M2018,2681.25,7,SELL
2018-04-24 13:30:49.311,ES.CME.M2018,2681.25,1,SELL
2018-04-24 13:30:49.311,ES.CME.M2018,2681.25,3,SELL
2018-04-24 13:30:49.311,ES.CME.M2018,2681.25,2,SELL
2018-04-24 13:30:49.540,ES.CME.M2018,2681.25,2,SELL
2018-04-24 13:30:49.561,ES.CME.M2018,2681.5,8,BUY
2018-04-24 13:30:49.736,ES.CME.M2018,2681.25,1,SELL
2018-04-24 13:30:49.848,ES.CME.M2018,2681.5,1,BUY
2018-04-24 13:30:49.895,ES.CME.M2018,2681.25,6,SELL
2018-04-24 13:30:49.969,ES.CME.M2018,2681.25,1,SELL
2018-04-24 13:30:50.134,ES.CME.M2018,2681.5,5,BUY
2018-04-24 13:30:50.520,ES.CME.M2018,2681.5,2,BUY
2018-04-24 13:30:50.598,ES.CME.M2018,2681.5,1,BUY
2018-04-24 13:30:50.632,ES.CME.M2018,2681.25,1,SELL
2018-04-24 13:30:50.664,ES.CME.M2018,2681.5,1,BUY
2018-04-24 13:30:50.714,ES.CME.M2018,2681.5,1,BUY
2018-04-24 13:30:50.728,ES.CME.M2018,2681.5,1,BUY
2018-04-24 13:30:51.066,ES.CME.M2018,2681.5,60,BUY
2018-04-24 13:30:51.066,ES.CME.M2018,2681.5,1,BUY
2018-04-24 13:30:51.076,ES.CME.M2018,2681.5,1,SELL
2018-04-24 13:30:51.076,ES.CME.M2018,2681.5,12,SELL
2018-04-24 13:30:51.076,ES.CME.M2018,2681.5,47,SELL
2018-04-24 13:30:51.082,ES.CME.M2018,2681.25,1,SELL
2018-04-24 13:30:51.082,ES.CME.M2018,2681.5,1,BUY
2018-04-24 13:30:51.107,ES.CME.M2018,2681.25,1,SELL
2018-04-24 13:30:51.153,ES.CME.M2018,2681.5,5,BUY
2018-04-24 13:30:51.162,ES.CME.M2018,2681.5,1,SELL
2018-04-24 13:30:51.202,ES.CME.M2018,2681.5,2,SELL
2018-04-24 13:30:51.267,ES.CME.M2018,2681.5,7,SELL
2018-04-24 13:30:51.267,ES.CME.M2018,2681.5,2,SELL
2018-04-24 13:30:51.267,ES.CME.M2018,2681.5,8,SELL
2018-04-24 13:30:51.267,ES.CME.M2018,2681.5,2,BUY
2018-04-24 13:30:51.302,ES.CME.M2018,2681.5,4,BUY
2018-04-24 13:30:51.329,ES.CME.M2018,2681.5,3,BUY
2018-04-24 13:30:51.472,ES.CME.M2018,2681.5,9,BUY
2018-04-24 13:30:51.502,ES.CME.M2018,2681.75,1,BUY
2018-04-24 13:30:51.539,ES.CME.M2018,2681.5,17,SELL
2018-04-24 13:30:51.564,ES.CME.M2018,2681.5,3,SELL
2018-04-24 13:30:51.564,ES.CME.M2018,2681.5,1,SELL
2018-04-24 13:30:51.595,ES.CME.M2018,2681.5,2,BUY
2018-04-24 13:30:51.599,ES.CME.M2018,2681.75,1,BUY
2018-04-24 13:30:51.707,ES.CME.M2018,2681.75,3,BUY
2018-04-24 13:30:51.738,ES.CME.M2018,2681.5,29,SELL
2018-04-24 13:30:51.738,ES.CME.M2018,2681.25,41,SELL
2018-04-24 13:30:51.738,ES.CME.M2018,2681.25,1,SELL
2018-04-24 13:30:51.749,ES.CME.M2018,2681.25,1,SELL
2018-04-24 13:30:51.791,ES.CME.M2018,2681.25,7,SELL
2018-04-24 13:30:51.918,ES.CME.M2018,2681.5,2,BUY
2018-04-24 13:30:51.921,ES.CME.M2018,2681.5,3,BUY
2018-04-24 13:30:52.229,ES.CME.M2018,2681.5,4,BUY
2018-04-24 13:30:52.233,ES.CME.M2018,2681.5,4,BUY
2018-04-24 13:30:52.369,ES.CME.M2018,2681.5,4,BUY
2018-04-24 13:30:52.369,ES.CME.M2018,2681.5,3,BUY
2018-04-24 13:30:52.445,ES.CME.M2018,2681.25,4,SELL
2018-04-24 13:30:52.445,ES.CME.M2018,2681.5,1,BUY
2018-04-24 13:30:52.468,ES.CME.M2018,2681.5,3,BUY
2018-04-24 13:30:52.567,ES.CME.M2018,2681.5,4,BUY
2018-04-24 13:30:52.567,ES.CME.M2018,2681.5,2,BUY
2018-04-24 13:30:52.609,ES.CME.M2018,2681.5,2,BUY
2018-04-24 13:30:52.652,ES.CME.M2018,2681.5,1,BUY
2018-04-24 13:30:53.226,ES.CME.M2018,2681.25,2,SELL
2018-04-24 13:30:53.318,ES.CME.M2018,2681.5,4,BUY
2018-04-24 13:30:53.661,ES.CME.M2018,2681.25,1,SELL
2018-04-24 13:30:53.743,ES.CME.M2018,2681.5,5,BUY
2018-04-24 13:30:53.743,ES.CME.M2018,2681.5,5,BUY
2018-04-24 13:30:53.743,ES.CME.M2018,2681.5,1,BUY
2018-04-24 13:30:53.749,ES.CME.M2018,2681.5,1,BUY
2018-04-24 13:30:53.963,ES.CME.M2018,2681.25,1,SELL
2018-04-24 13:30:54.063,ES.CME.M2018,2681.25,1,SELL
2018-04-24 13:30:54.096,ES.CME.M2018,2681.5,1,BUY
2018-04-24 13:30:54.120,ES.CME.M2018,2681.5,1,BUY
2018-04-24 13:30:54.125,ES.CME.M2018,2681.5,1,BUY
2018-04-24 13:30:54.266,ES.CME.M2018,2681.5,2,BUY
2018-04-24 13:30:54.266,ES.CME.M2018,2681.5,2,BUY
2018-04-24 13:30:54.371,ES.CME.M2018,2681.5,2,BUY
2018-04-24 13:30:54.371,ES.CME.M2018,2681.5,2,BUY
2018-04-24 13:30:54.371,ES.CME.M2018,2681.5,50,BUY
2018-04-24 13:30:54.371,ES.CME.M2018,2681.5,10,BUY
2018-04-24 13:30:54.371,ES.CME.M2018,2681.5,4,BUY
2018-04-24 13:30:54.371,ES.CME.M2018,2681.5,1,BUY
2018-04-24 13:30:54.371,ES.CME.M2018,2681.5,7,BUY
2018-04-24 13:30:54.371,ES.CME.M2018,2681.5,2,BUY
2018-04-24 13:30:54.371,ES.CME.M2018,2681.5,5,BUY
2018-04-24 13:30:54.371,ES.CME.M2018,2681.5,1,BUY
2018-04-24 13:30:54.371,ES.CME.M2018,2681.5,18,BUY
2018-04-24 13:30:54.371,ES.CME.M2018,2681.5,1,SELL
2018-04-24 13:30:54.392,ES.CME.M2018,2681.5,2,SELL
2018-04-24 13:30:54.412,ES.CME.M2018,2681.75,1,BUY
2018-04-24 13:30:54.412,ES.CME.M2018,2681.5,1,SELL
2018-04-24 13:30:54.560,ES.CME.M2018,2681.5,1,SELL
2018-04-24 13:30:54.560,ES.CME.M2018,2681.5,1,SELL
2018-04-24 13:30:54.560,ES.CME.M2018,2681.5,1,SELL
2018-04-24 13:30:54.560,ES.CME.M2018,2681.5,1,SELL
2018-04-24 13:30:54.578,ES.CME.M2018,2681.5,1,SELL
2018-04-24 13:30:54.621,ES.CME.M2018,2681.5,1,SELL
2018-04-24 13:30:54.974,ES.CME.M2018,2681.5,2,SELL
2018-04-24 13:30:55.025,ES.CME.M2018,2681.75,1,BUY
2018-04-24 13:30:55.662,ES.CME.M2018,2681.5,1,SELL
2018-04-24 13:30:55.662,ES.CME.M2018,2681.5,60,SELL
2018-04-24 13:30:55.662,ES.CME.M2018,2681.5,8,SELL
2018-04-24 13:30:55.692,ES.CME.M2018,2681.5,12,BUY
2018-04-24 13:30:55.692,ES.CME.M2018,2681.5,8,BUY
2018-04-24 13:30:55.717,ES.CME.M2018,2681.5,2,BUY
2018-04-24 13:30:55.788,ES.CME.M2018,2681.5,2,BUY
2018-04-24 13:30:55.792,ES.CME.M2018,2681.5,1,SELL
2018-04-24 13:30:55.804,ES.CME.M2018,2681.5,2,SELL
2018-04-24 13:30:55.995,ES.CME.M2018,2681.5,2,SELL
2018-04-24 13:30:55.995,ES.CME.M2018,2681.5,2,SELL
2018-04-24 13:30:55.995,ES.CME.M2018,2681.5,9,SELL
2018-04-24 13:30:55.995,ES.CME.M2018,2681.5,6,SELL
2018-04-24 13:30:55.995,ES.CME.M2018,2681.5,3,SELL
2018-04-24 13:30:55.995,ES.CME.M2018,2681.5,2,BUY
2018-04-24 13:30:56.010,ES.CME.M2018,2681.75,2,BUY
2018-04-24 13:30:56.010,ES.CME.M2018,2681.5,1,SELL
2018-04-24 13:30:56.168,ES.CME.M2018,2681.5,1,BUY
2018-04-24 13:30:56.425,ES.CME.M2018,2681.5,1,SELL
2018-04-24 13:30:56.425,ES.CME.M2018,2681.5,1,SELL
2018-04-24 13:30:56.425,ES.CME.M2018,2681.5,1,BUY
2018-04-24 13:30:56.665,ES.CME.M2018,2681.5,3,BUY
2018-04-24 13:30:56.680,ES.CME.M2018,2681.5,3,SELL
2018-04-24 13:30:56.680,ES.CME.M2018,2681.5,1,BUY
2018-04-24 13:30:56.772,ES.CME.M2018,2681.5,1,BUY
2018-04-24 13:30:56.772,ES.CME.M2018,2681.5,3,BUY
2018-04-24 13:30:56.777,ES.CME.M2018,2681.5,8,SELL
2018-04-24 13:30:56.782,ES.CME.M2018,2681.5,1,BUY
2018-04-24 13:30:56.823,ES.CME.M2018,2681.75,1,BUY
2018-04-24 13:30:56.823,ES.CME.M2018,2681.5,3,BUY
2018-04-24 13:30:56.962,ES.CME.M2018,2681.75,1,BUY
2018-04-24 13:30:57.125,ES.CME.M2018,2681.5,2,SELL
2018-04-24 13:30:58.159,ES.CME.M2018,2681.75,2,BUY
2018-04-24 13:30:58.159,ES.CME.M2018,2681.75,1,BUY
2018-04-24 13:30:58.236,ES.CME.M2018,2681.75,1,BUY
2018-04-24 13:30:58.352,ES.CME.M2018,2681.5,1,SELL
2018-04-24 13:30:58.437,ES.CME.M2018,2681.5,1,SELL
2018-04-24 13:30:58.437,ES.CME.M2018,2681.75,3,BUY
2018-04-24 13:30:58.437,ES.CME.M2018,2681.75,40,BUY
2018-04-24 13:30:58.437,ES.CME.M2018,2681.75,42,BUY
2018-04-24 13:30:58.437,ES.CME.M2018,2681.75,6,BUY
2018-04-24 13:30:58.437,ES.CME.M2018,2681.75,5,BUY
2018-04-24 13:30:58.437,ES.CME.M2018,2681.75,2,BUY
2018-04-24 13:30:58.442,ES.CME.M2018,2681.75,11,BUY
2018-04-24 13:30:58.513,ES.CME.M2018,2681.75,1,SELL
2018-04-24 13:30:58.513,ES.CME.M2018,2681.75,7,SELL
2018-04-24 13:30:58.513,ES.CME.M2018,2681.75,1,BUY
2018-04-24 13:30:58.724,ES.CME.M2018,2681.75,1,BUY
2018-04-24 13:30:58.802,ES.CME.M2018,2681.75,1,BUY
2018-04-24 13:30:58.965,ES.CME.M2018,2681.5,1,SELL
2018-04-24 13:30:59.075,ES.CME.M2018,2681.5,1,SELL
2018-04-24 13:30:59.253,ES.CME.M2018,2681.75,1,BUY
2018-04-24 13:30:59.265,ES.CME.M2018,2681.5,1,SELL
2018-04-24 13:30:59.406,ES.CME.M2018,2681.75,3,BUY
2018-04-24 13:30:59.501,ES.CME.M2018,2681.5,3,SELL
2018-04-24 13:30:59.561,ES.CME.M2018,2681.75,1,BUY
2018-04-24 13:30:59.738,ES.CME.M2018,2681.5,1,SELL
2018-04-24 13:31:00.028,ES.CME.M2018,2681.5,2,SELL
2018-04-24 13:31:00.152,ES.CME.M2018,2681.75,3,BUY
2018-04-24 13:31:00.158,ES.CME.M2018,2681.5,1,SELL
2018-04-24 13:31:00.196,ES.CME.M2018,2681.75,2,BUY
2018-04-24 13:31:00.281,ES.CME.M2018,2681.5,1,SELL
2018-04-24 13:31:00.440,ES.CME.M2018,2681.5,1,SELL
2018-04-24 13:31:00.486,ES.CME.M2018,2681.75,1,BUY
2018-04-24 13:31:00.491,ES.CME.M2018,2681.5,1,SELL
2018-04-24 13:31:00.512,ES.CME.M2018,2681.5,1,SELL
2018-04-24 13:31:00.542,ES.CME.M2018,2681.5,1,SELL
2018-04-24 13:31:00.665,ES.CME.M2018,2681.5,4,SELL
2018-04-24 13:31:00.676,ES.CME.M2018,2681.5,1,SELL
2018-04-24 13:31:00.691,ES.CME.M2018,2681.5,1,SELL
2018-04-24 13:31:00.705,ES.CME.M2018,2681.5,1,SELL
2018-04-24 13:31:00.715,ES.CME.M2018,2681.5,7,SELL
2018-04-24 13:31:00.721,ES.CME.M2018,2681.5,7,SELL
2018-04-24 13:31:00.731,ES.CME.M2018,2681.5,7,SELL
2018-04-24 13:31:00.747,ES.CME.M2018,2681.5,7,SELL
2018-04-24 13:31:00.752,ES.CME.M2018,2681.5,2,SELL
2018-04-24 13:31:00.752,ES.CME.M2018,2681.5,2,SELL
2018-04-24 13:31:00.757,ES.CME.M2018,2681.5,10,SELL
2018-04-24 13:31:00.757,ES.CME.M2018,2681.5,7,SELL
2018-04-24 13:31:00.757,ES.CME.M2018,2681.5,8,SELL
2018-04-24 13:31:00.757,ES.CME.M2018,2681.5,60,SELL
2018-04-24 13:31:00.757,ES.CME.M2018,2681.5,3,SELL
2018-04-24 13:31:00.757,ES.CME.M2018,2681.5,1,BUY
2018-04-24 13:31:00.757,ES.CME.M2018,2681.5,1,BUY
2018-04-24 13:31:00.793,ES.CME.M2018,2681.5,4,BUY
2018-04-24 13:31:00.793,ES.CME.M2018,2681.5,10,BUY
2018-04-24 13:31:00.793,ES.CME.M2018,2681.5,1,BUY
2018-04-24 13:31:00.793,ES.CME.M2018,2681.5,1,BUY
2018-04-24 13:31:00.793,ES.CME.M2018,2681.5,6,BUY
2018-04-24 13:31:00.793,ES.CME.M2018,2681.5,1,BUY
2018-04-24 13:31:00.799,ES.CME.M2018,2681.5,1,BUY
2018-04-24 13:31:00.799,ES.CME.M2018,2681.5,1,BUY
2018-04-24 13:31:00.829,ES.CME.M2018,2681.25,1,SELL
2018-04-24 13:31:00.841,ES.CME.M2018,2681.25,3,SELL
2018-04-24 13:31:00.862,ES.CME.M2018,2681.25,7,SELL
2018-04-24 13:31:00.871,ES.CME.M2018,2681.25,7,SELL
2018-04-24 13:31:00.885,ES.CME.M2018,2681.25,5,SELL
2018-04-24 13:31:00.900,ES.CME.M2018,2681.25,6,SELL
2018-04-24 13:31:00.910,ES.CME.M2018,2681.25,1,SELL
2018-04-24 13:31:00.926,ES.CME.M2018,2681.25,1,SELL
2018-04-24 13:31:00.942,ES.CME.M2018,2681.25,1,SELL
2018-04-24 13:31:00.953,ES.CME.M2018,2681.5,5,BUY
2018-04-24 13:31:00.953,ES.CME.M2018,2681.25,1,SELL
2018-04-24 13:31:01.004,ES.CME.M2018,2681.25,1,SELL
2018-04-24 13:31:01.015,ES.CME.M2018,2681.25,1,SELL
2018-04-24 13:31:01.026,ES.CME.M2018,2681.25,5,SELL
2018-04-24 13:31:01.037,ES.CME.M2018,2681.25,3,SELL
2018-04-24 13:31:01.050,ES.CME.M2018,2681.25,1,SELL
2018-04-24 13:31:01.061,ES.CME.M2018,2681.25,1,SELL
2018-04-24 13:31:01.073,ES.CME.M2018,2681.25,2,SELL
2018-04-24 13:31:01.088,ES.CME.M2018,2681.25,1,SELL
2018-04-24 13:31:01.094,ES.CME.M2018,2681.25,1,SELL
2018-04-24 13:31:01.119,ES.CME.M2018,2681.25,2,SELL
2018-04-24 13:31:01.127,ES.CME.M2018,2681.25,3,SELL
2018-04-24 13:31:01.140,ES.CME.M2018,2681.25,2,SELL
2018-04-24 13:31:01.140,ES.CME.M2018,2681.25,48,SELL
2018-04-24 13:31:01.157,ES.CME.M2018,2681.25,2,BUY
2018-04-24 13:31:01.358,ES.CME.M2018,2681.25,1,BUY
2018-04-24 13:31:01.363,ES.CME.M2018,2681.25,7,BUY
2018-04-24 13:31:01.363,ES.CME.M2018,2681.25,2,BUY
2018-04-24 13:31:01.363,ES.CME.M2018,2681.25,1,BUY
2018-04-24 13:31:01.363,ES.CME.M2018,2681.25,1,BUY
2018-04-24 13:31:01.363,ES.CME.M2018,2681.25,10,BUY
2018-04-24 13:31:01.369,ES.CME.M2018,2681.25,23,SELL
2018-04-24 13:31:01.369,ES.CME.M2018,2681.25,1,SELL
2018-04-24 13:31:01.397,ES.CME.M2018,2681.25,52,BUY
2018-04-24 13:31:01.397,ES.CME.M2018,2681.5,48,BUY
2018-04-24 13:31:01.445,ES.CME.M2018,2681.5,1,BUY
2018-04-24 13:31:01.477,ES.CME.M2018,2681.25,7,SELL
2018-04-24 13:31:01.477,ES.CME.M2018,2681.25,2,SELL
2018-04-24 13:31:01.481,ES.CME.M2018,2681.25,1,SELL
2018-04-24 13:31:01.584,ES.CME.M2018,2681.25,60,SELL
2018-04-24 13:31:01.584,ES.CME.M2018,2681.25,4,SELL
2018-04-24 13:31:01.606,ES.CME.M2018,2681.25,2,BUY
2018-04-24 13:31:01.606,ES.CME.M2018,2681.25,4,BUY
2018-04-24 13:31:01.606,ES.CME.M2018,2681.25,2,BUY
2018-04-24 13:31:01.606,ES.CME.M2018,2681.25,5,BUY
2018-04-24 13:31:01.606,ES.CME.M2018,2681.25,8,SELL
2018-04-24 13:31:01.606,ES.CME.M2018,2681.25,1,SELL
2018-04-24 13:31:01.606,ES.CME.M2018,2681.25,3,SELL
2018-04-24 13:31:01.606,ES.CME.M2018,2681.25,3,SELL
2018-04-24 13:31:01.606,ES.CME.M2018,2681.25,3,BUY
2018-04-24 13:31:01.617,ES.CME.M2018,2681.0,1,SELL
2018-04-24 13:31:01.699,ES.CME.M2018,2681.25,44,BUY
2018-04-24 13:31:01.699,ES.CME.M2018,2681.25,2,BUY
2018-04-24 13:31:01.699,ES.CME.M2018,2681.25,3,BUY
2018-04-24 13:31:01.699,ES.CME.M2018,2681.25,2,BUY
2018-04-24 13:31:01.710,ES.CME.M2018,2681.0,1,SELL
2018-04-24 13:31:02.219,ES.CME.M2018,2681.25,1,SELL
2018-04-24 13:31:02.447,ES.CME.M2018,2681.5,1,BUY
2018-04-24 13:31:02.707,ES.CME.M2018,2681.5,10,BUY
2018-04-24 13:31:03.092,ES.CME.M2018,2681.25,20,SELL
2018-04-24 13:31:03.152,ES.CME.M2018,2681.5,4,BUY
2018-04-24 13:31:03.200,ES.CME.M2018,2681.5,1,BUY
2018-04-24 13:31:03.239,ES.CME.M2018,2681.25,5,SELL
2018-04-24 13:31:03.585,ES.CME.M2018,2681.25,2,SELL
2018-04-24 13:31:03.590,ES.CME.M2018,2681.25,26,SELL
2018-04-24 13:31:03.590,ES.CME.M2018,2681.25,2,SELL
2018-04-24 13:31:03.590,ES.CME.M2018,2681.25,10,SELL
2018-04-24 13:31:03.590,ES.CME.M2018,2681.25,3,SELL
2018-04-24 13:31:03.698,ES.CME.M2018,2681.25,1,BUY
2018-04-24 13:31:04.013,ES.CME.M2018,2681.25,1,BUY
2018-04-24 13:31:04.061,ES.CME.M2018,2681.25,3,BUY
2018-04-24 13:31:04.146,ES.CME.M2018,2681.25,8,BUY
2018-04-24 13:31:04.174,ES.CME.M2018,2681.25,9,BUY
2018-04-24 13:31:04.179,ES.CME.M2018,2681.25,5,BUY
2018-04-24 13:31:04.179,ES.CME.M2018,2681.25,3,SELL
2018-04-24 13:31:04.179,ES.CME.M2018,2681.25,2,SELL
2018-04-24 13:31:04.179,ES.CME.M2018,2681.25,21,SELL
2018-04-24 13:31:04.179,ES.CME.M2018,2681.25,1,BUY
2018-04-24 13:31:04.179,ES.CME.M2018,2681.25,2,BUY
2018-04-24 13:31:04.179,ES.CME.M2018,2681.25,5,BUY
2018-04-24 13:31:04.184,ES.CME.M2018,2681.25,1,BUY
2018-04-24 13:31:04.194,ES.CME.M2018,2681.25,1,SELL
2018-04-24 13:31:04.307,ES.CME.M2018,2681.0,2,SELL
2018-04-24 13:31:04.337,ES.CME.M2018,2681.25,1,BUY
2018-04-24 13:31:04.348,ES.CME.M2018,2681.0,24,SELL
2018-04-24 13:31:04.571,ES.CME.M2018,2681.0,60,SELL
2018-04-24 13:31:04.603,ES.CME.M2018,2681.25,4,BUY
2018-04-24 13:31:04.606,ES.CME.M2018,2681.25,3,BUY
2018-04-24 13:31:04.703,ES.CME.M2018,2681.25,4,BUY
2018-04-24 13:31:04.709,ES.CME.M2018,2681.25,4,BUY
2018-04-24 13:31:04.785,ES.CME.M2018,2681.0,4,SELL
2018-04-24 13:31:04.790,ES.CME.M2018,2681.0,4,SELL
2018-04-24 13:31:04.790,ES.CME.M2018,2681.0,4,SELL
2018-04-24 13:31:04.790,ES.CME.M2018,2681.0,9,SELL
2018-04-24 13:31:04.790,ES.CME.M2018,2681.0,7,SELL
2018-04-24 13:31:04.790,ES.CME.M2018,2681.0,5,SELL
2018-04-24 13:31:04.796,ES.CME.M2018,2681.0,2,SELL
2018-04-24 13:31:04.796,ES.CME.M2018,2681.0,1,SELL
2018-04-24 13:31:04.826,ES.CME.M2018,2681.0,1,SELL
2018-04-24 13:31:04.826,ES.CME.M2018,2681.0,8,SELL
2018-04-24 13:31:04.826,ES.CME.M2018,2681.0,8,SELL
2018-04-24 13:31:04.826,ES.CME.M2018,2681.0,1,SELL
2018-04-24 13:31:04.826,ES.CME.M2018,2681.0,1,SELL
2018-04-24 13:31:04.826,ES.CME.M2018,2681.0,1,SELL
2018-04-24 13:31:04.826,ES.CME.M2018,2681.0,10,SELL
2018-04-24 13:31:04.826,ES.CME.M2018,2681.0,1,SELL
2018-04-24 13:31:04.826,ES.CME.M2018,2681.0,1,SELL
2018-04-24 13:31:04.826,ES.CME.M2018,2681.0,3,BUY
2018-04-24 13:31:04.826,ES.CME.M2018,2681.0,12,BUY
2018-04-24 13:31:04.826,ES.CME.M2018,2681.0,1,BUY
2018-04-24 13:31:04.853,ES.CME.M2018,2681.0,2,BUY
2018-04-24 13:31:04.860,ES.CME.M2018,2681.0,1,BUY
2018-04-24 13:31:04.870,ES.CME.M2018,2681.0,4,BUY
2018-04-24 13:31:04.870,ES.CME.M2018,2681.0,2,BUY
2018-04-24 13:31:04.937,ES.CME.M2018,2681.0,1,BUY
2018-04-24 13:31:05.034,ES.CME.M2018,2680.75,2,SELL
2018-04-24 13:31:05.034,ES.CME.M2018,2680.75,1,SELL
2018-04-24 13:31:05.356,ES.CME.M2018,2680.75,1,SELL
2018-04-24 13:31:05.361,ES.CME.M2018,2681.0,6,BUY
2018-04-24 13:31:05.405,ES.CME.M2018,2680.75,22,SELL
2018-04-24 13:31:05.405,ES.CME.M2018,2680.75,1,SELL
2018-04-24 13:31:05.521,ES.CME.M2018,2680.75,2,SELL
2018-04-24 13:31:05.698,ES.CME.M2018,2680.75,2,SELL
2018-04-24 13:31:05.952,ES.CME.M2018,2680.75,50,SELL
2018-04-24 13:31:05.952,ES.CME.M2018,2680.75,1,SELL
2018-04-24 13:31:05.952,ES.CME.M2018,2680.75,25,SELL
2018-04-24 13:31:05.952,ES.CME.M2018,2680.75,3,BUY
2018-04-24 13:31:05.952,ES.CME.M2018,2680.75,2,BUY
2018-04-24 13:31:05.952,ES.CME.M2018,2680.75,1,BUY
2018-04-24 13:31:05.952,ES.CME.M2018,2680.75,2,BUY
2018-04-24 13:31:05.957,ES.CME.M2018,2681.0,1,BUY
2018-04-24 13:31:05.962,ES.CME.M2018,2680.75,3,SELL
2018-04-24 13:31:05.973,ES.CME.M2018,2680.75,27,SELL
2018-04-24 13:31:05.973,ES.CME.M2018,2680.75,2,BUY
2018-04-24 13:31:05.973,ES.CME.M2018,2680.75,2,BUY
2018-04-24 13:31:05.982,ES.CME.M2018,2680.75,1,BUY
2018-04-24 13:31:05.998,ES.CME.M2018,2680.75,4,BUY
2018-04-24 13:31:06.003,ES.CME.M2018,2680.75,3,BUY
2018-04-24 13:31:06.053,ES.CME.M2018,2680.75,4,BUY
2018-04-24 13:31:06.102,ES.CME.M2018,2680.75,4,BUY
2018-04-24 13:31:06.128,ES.CME.M2018,2680.75,1,BUY
2018-04-24 13:31:06.128,ES.CME.M2018,2680.75,1,BUY
2018-04-24 13:31:06.132,ES.CME.M2018,2680.75,1,BUY
2018-04-24 13:31:06.132,ES.CME.M2018,2680.75,1,BUY
2018-04-24 13:31:06.139,ES.CME.M2018,2680.5,1,SELL
2018-04-24 13:31:06.139,ES.CME.M2018,2680.5,1,SELL
2018-04-24 13:31:06.139,ES.CME.M2018,2680.5,1,SELL
2018-04-24 13:31:06.139,ES.CME.M2018,2680.5,2,SELL
2018-04-24 13:31:06.354,ES.CME.M2018,2680.75,1,BUY
2018-04-24 13:31:06.483,ES.CME.M2018,2680.5,1,SELL
2018-04-24 13:31:06.690,ES.CME.M2018,2680.75,1,BUY
2018-04-24 13:31:06.753,ES.CME.M2018,2680.5,1,SELL
2018-04-24 13:31:06.753,ES.CME.M2018,2680.5,77,SELL
2018-04-24 13:31:06.753,ES.CME.M2018,2680.5,1,SELL
2018-04-24 13:31:06.753,ES.CME.M2018,2680.5,3,SELL
2018-04-24 13:31:06.853,ES.CME.M2018,2680.5,3,BUY
2018-04-24 13:31:06.857,ES.CME.M2018,2680.5,109,BUY
2018-04-24 13:31:06.857,ES.CME.M2018,2680.5,5,BUY
2018-04-24 13:31:06.857,ES.CME.M2018,2680.5,8,BUY
2018-04-24 13:31:07.199,ES.CME.M2018,2680.5,1,SELL
2018-04-24 13:31:07.213,ES.CME.M2018,2680.5,3,SELL
2018-04-24 13:31:07.224,ES.CME.M2018,2680.5,1,SELL
2018-04-24 13:31:07.497,ES.CME.M2018,2680.5,1,SELL
2018-04-24 13:31:08.036,ES.CME.M2018,2680.75,1,BUY
2018-04-24 13:31:08.275,ES.CME.M2018,2680.75,26,BUY
2018-04-24 13:31:08.275,ES.CME.M2018,2680.75,2,BUY
2018-04-24 13:31:08.275,ES.CME.M2018,2680.75,11,BUY
2018-04-24 13:31:08.275,ES.CME.M2018,2680.75,1,BUY
2018-04-24 13:31:08.275,ES.CME.M2018,2680.75,1,BUY
2018-04-24 13:31:08.275,ES.CME.M2018,2680.75,1,BUY
2018-04-24 13:31:08.275,ES.CME.M2018,2680.75,1,BUY
2018-04-24 13:31:08.275,ES.CME.M2018,2680.75,5,BUY
2018-04-24 13:31:08.275,ES.CME.M2018,2680.75,3,SELL
2018-04-24 13:31:08.275,ES.CME.M2018,2680.75,4,SELL
2018-04-24 13:31:08.275,ES.CME.M2018,2680.75,10,SELL
2018-04-24 13:31:08.275,ES.CME.M2018,2680.75,3,SELL
2018-04-24 13:31:08.275,ES.CME.M2018,2680.75,12,SELL
2018-04-24 13:31:08.275,ES.CME.M2018,2680.75,7,SELL
2018-04-24 13:31:08.275,ES.CME.M2018,2680.75,5,SELL
2018-04-24 13:31:08.275,ES.CME.M2018,2680.75,5,SELL
2018-04-24 13:31:08.287,ES.CME.M2018,2680.5,1,SELL
2018-04-24 13:31:08.336,ES.CME.M2018,2680.75,3,BUY
2018-04-24 13:31:08.374,ES.CME.M2018,2680.75,1,BUY
2018-04-24 13:31:08.374,ES.CME.M2018,2680.75,1,BUY
2018-04-24 13:31:08.546,ES.CME.M2018,2680.75,14,BUY
2018-04-24 13:31:08.546,ES.CME.M2018,2680.75,5,BUY
2018-04-24 13:31:08.546,ES.CME.M2018,2680.75,1,BUY
2018-04-24 13:31:08.598,ES.CME.M2018,2680.75,1,SELL
2018-04-24 13:31:08.609,ES.CME.M2018,2680.75,2,SELL
2018-04-24 13:31:08.747,ES.CME.M2018,2680.75,1,BUY
2018-04-24 13:31:08.924,ES.CME.M2018,2680.5,1,SELL
2018-04-24 13:31:08.924,ES.CME.M2018,2680.75,1,BUY
2018-04-24 13:31:08.924,ES.CME.M2018,2680.75,1,BUY
2018-04-24 13:31:08.924,ES.CME.M2018,2680.75,16,BUY
2018-04-24 13:31:08.924,ES.CME.M2018,2680.75,1,SELL
2018-04-24 13:31:08.929,ES.CME.M2018,2680.75,14,SELL
2018-04-24 13:31:08.958,ES.CME.M2018,2680.75,11,BUY
2018-04-24 13:31:08.968,ES.CME.M2018,2680.75,1,SELL
2018-04-24 13:31:08.997,ES.CME.M2018,2680.75,1,SELL
2018-04-24 13:31:09.065,ES.CME.M2018,2680.75,14,SELL
2018-04-24 13:31:09.115,ES.CME.M2018,2680.75,6,BUY
2018-04-24 13:31:09.115,ES.CME.M2018,2681.0,27,BUY
2018-04-24 13:31:09.218,ES.CME.M2018,2681.0,1,BUY
2018-04-24 13:31:09.218,ES.CME.M2018,2680.75,3,SELL
2018-04-24 13:31:09.218,ES.CME.M2018,2680.75,3,SELL
2018-04-24 13:31:09.226,ES.CME.M2018,2680.75,3,SELL
2018-04-24 13:31:09.229,ES.CME.M2018,2680.75,9,SELL
2018-04-24 13:31:09.233,ES.CME.M2018,2680.75,4,SELL
2018-04-24 13:31:09.564,ES.CME.M2018,2680.75,1,BUY
2018-04-24 13:31:09.610,ES.CME.M2018,2680.75,1,BUY
2018-04-24 13:31:09.693,ES.CME.M2018,2680.5,1,SELL
2018-04-24 13:31:09.710,ES.CME.M2018,2680.5,1,SELL
2018-04-24 13:31:09.806,ES.CME.M2018,2680.5,145,SELL
2018-04-24 13:31:09.806,ES.CME.M2018,2680.25,105,SELL
2018-04-24 13:31:09.806,ES.CME.M2018,2680.25,1,SELL
2018-04-24 13:31:09.806,ES.CME.M2018,2680.25,2,SELL
2018-04-24 13:31:09.806,ES.CME.M2018,2680.25,1,SELL
2018-04-24 13:31:09.806,ES.CME.M2018,2680.25,1,SELL
2018-04-24 13:31:09.806,ES.CME.M2018,2680.25,4,SELL
2018-04-24 13:31:09.806,ES.CME.M2018,2680.25,3,SELL
2018-04-24 13:31:09.806,ES.CME.M2018,2680.25,1,SELL
2018-04-24 13:31:09.806,ES.CME.M2018,2680.25,1,SELL
2018-04-24 13:31:09.806,ES.CME.M2018,2680.5,10,BUY
2018-04-24 13:31:09.828,ES.CME.M2018,2680.5,13,BUY
2018-04-24 13:31:09.834,ES.CME.M2018,2680.5,3,BUY
2018-04-24 13:31:09.839,ES.CME.M2018,2680.5,4,BUY
2018-04-24 13:31:09.839,ES.CME.M2018,2680.5,21,BUY
2018-04-24 13:31:09.839,ES.CME.M2018,2680.5,12,BUY
2018-04-24 13:31:09.839,ES.CME.M2018,2680.5,2,BUY
2018-04-24 13:31:09.839,ES.CME.M2018,2680.5,19,BUY
2018-04-24 13:31:09.839,ES.CME.M2018,2680.5,1,SELL
2018-04-24 13:31:09.839,ES.CME.M2018,2680.5,5,SELL
2018-04-24 13:31:09.839,ES.CME.M2018,2680.5,9,SELL
2018-04-24 13:31:09.839,ES.CME.M2018,2680.5,15,SELL
2018-04-24 13:31:09.839,ES.CME.M2018,2680.5,1,BUY
2018-04-24 13:31:09.839,ES.CME.M2018,2680.5,1,BUY
2018-04-24 13:31:09.839,ES.CME.M2018,2680.5,16,BUY
2018-04-24 13:31:09.839,ES.CME.M2018,2680.5,10,BUY
2018-04-24 13:31:09.839,ES.CME.M2018,2680.5,2,SELL
2018-04-24 13:31:09.845,ES.CME.M2018,2680.5,1,SELL
2018-04-24 13:31:09.845,ES.CME.M2018,2680.5,2,SELL
2018-04-24 13:31:09.845,ES.CME.M2018,2680.5,1,SELL
2018-04-24 13:31:09.992,ES.CME.M2018,2680.75,1,BUY
2018-04-24 13:31:09.992,ES.CME.M2018,2680.75,1,BUY
2018-04-24 13:31:10.052,ES.CME.M2018,2680.75,3,BUY
2018-04-24 13:31:10.058,ES.CME.M2018,2680.75,4,BUY
2018-04-24 13:31:10.066,ES.CME.M2018,2680.5,3,SELL
2018-04-24 13:31:10.152,ES.CME.M2018,2680.75,3,BUY
2018-04-24 13:31:10.152,ES.CME.M2018,2680.75,4,BUY
2018-04-24 13:31:10.341,ES.CME.M2018,2680.75,1,BUY
2018-04-24 13:31:10.350,ES.CME.M2018,2680.5,1,SELL
2018-04-24 13:31:10.579,ES.CME.M2018,2680.5,1,SELL
2018-04-24 13:31:10.752,ES.CME.M2018,2680.75,4,BUY
2018-04-24 13:31:10.870,ES.CME.M2018,2680.5,1,SELL
2018-04-24 13:31:10.957,ES.CME.M2018,2680.5,1,SELL
2018-04-24 13:31:10.982,ES.CME.M2018,2680.75,1,BUY
2018-04-24 13:31:11.349,ES.CME.M2018,2680.5,2,SELL
2018-04-24 13:31:11.391,ES.CME.M2018,2680.75,1,BUY
2018-04-24 13:31:11.391,ES.CME.M2018,2680.75,1,BUY
2018-04-24 13:31:11.408,ES.CME.M2018,2680.5,1,SELL
2018-04-24 13:31:11.628,ES.CME.M2018,2680.75,1,BUY
2018-04-24 13:31:11.670,ES.CME.M2018,2680.5,126,SELL
2018-04-24 13:31:11.865,ES.CME.M2018,2680.5,1,BUY
2018-04-24 13:31:11.886,ES.CME.M2018,2680.5,2,BUY
2018-04-24 13:31:11.886,ES.CME.M2018,2680.5,60,BUY
2018-04-24 13:31:11.891,ES.CME.M2018,2680.5,4,BUY
2018-04-24 13:31:11.891,ES.CME.M2018,2680.5,27,BUY
2018-04-24 13:31:11.891,ES.CME.M2018,2680.5,2,BUY
2018-04-24 13:31:11.896,ES.CME.M2018,2680.25,5,SELL
2018-04-24 13:31:12.030,ES.CME.M2018,2680.5,1,BUY
2018-04-24 13:31:12.097,ES.CME.M2018,2680.25,1,SELL
2018-04-24 13:31:12.344,ES.CME.M2018,2680.25,1,SELL
2018-04-24 13:31:12.454,ES.CME.M2018,2680.5,2,BUY
2018-04-24 13:31:12.459,ES.CME.M2018,2680.5,1,BUY
2018-04-24 13:31:12.483,ES.CME.M2018,2680.5,1,BUY
2018-04-24 13:31:12.558,ES.CME.M2018,2680.5,3,BUY
2018-04-24 13:31:12.564,ES.CME.M2018,2680.5,3,BUY
2018-04-24 13:31:12.675,ES.CME.M2018,2680.5,1,BUY
2018-04-24 13:31:12.675,ES.CME.M2018,2680.5,1,BUY
2018-04-24 13:31:12.765,ES.CME.M2018,2680.5,1,BUY
2018-04-24 13:31:12.765,ES.CME.M2018,2680.5,23,BUY
2018-04-24 13:31:12.765,ES.CME.M2018,2680.5,21,BUY
2018-04-24 13:31:12.765,ES.CME.M2018,2680.5,5,SELL
2018-04-24 13:31:12.765,ES.CME.M2018,2680.5,27,SELL
2018-04-24 13:31:12.765,ES.CME.M2018,2680.5,2,SELL
2018-04-24 13:31:12.765,ES.CME.M2018,2680.25,1,SELL
2018-04-24 13:31:12.789,ES.CME.M2018,2680.5,3,BUY
2018-04-24 13:31:12.795,ES.CME.M2018,2680.5,3,BUY
2018-04-24 13:31:12.799,ES.CME.M2018,2680.25,1,SELL
2018-04-24 13:31:12.813,ES.CME.M2018,2680.5,4,BUY
2018-04-24 13:31:12.813,ES.CME.M2018,2680.5,2,BUY
2018-04-24 13:31:12.813,ES.CME.M2018,2680.5,11,BUY
2018-04-24 13:31:12.818,ES.CME.M2018,2680.5,13,SELL
2018-04-24 13:31:12.829,ES.CME.M2018,2680.5,1,BUY
2018-04-24 13:31:12.972,ES.CME.M2018,2680.25,1,SELL
2018-04-24 13:31:12.972,ES.CME.M2018,2680.25,1,SELL
2018-04-24 13:31:13.105,ES.CME.M2018,2680.25,1,SELL
2018-04-24 13:31:13.505,ES.CME.M2018,2680.5,25,BUY
2018-04-24 13:31:14.040,ES.CME.M2018,2680.5,1,BUY
2018-04-24 13:31:14.080,ES.CME.M2018,2680.5,1,BUY
2018-04-24 13:31:14.099,ES.CME.M2018,2680.25,1,SELL
2018-04-24 13:31:14.117,ES.CME.M2018,2680.5,11,BUY
2018-04-24 13:31:14.220,ES.CME.M2018,2680.25,1,SELL
2018-04-24 13:31:14.220,ES.CME.M2018,2680.5,1,BUY
2018-04-24 13:31:14.325,ES.CME.M2018,2680.25,2,SELL
2018-04-24 13:31:14.376,ES.CME.M2018,2680.25,4,SELL
2018-04-24 13:31:14.451,ES.CME.M2018,2680.5,1,BUY
2018-04-24 13:31:14.555,ES.CME.M2018,2680.25,2,SELL
2018-04-24 13:31:14.561,ES.CME.M2018,2680.25,1,SELL
2018-04-24 13:31:14.585,ES.CME.M2018,2680.5,1,BUY
2018-04-24 13:31:15.125,ES.CME.M2018,2680.25,22,SELL
2018-04-24 13:31:15.125,ES.CME.M2018,2680.25,2,SELL
2018-04-24 13:31:15.125,ES.CME.M2018,2680.25,1,SELL
2018-04-24 13:31:15.125,ES.CME.M2018,2680.25,1,SELL
2018-04-24 13:31:15.125,ES.CME.M2018,2680.25,4,SELL
2018-04-24 13:31:15.125,ES.CME.M2018,2680.25,16,SELL
2018-04-24 13:31:15.125,ES.CME.M2018,2680.25,1,SELL
2018-04-24 13:31:15.125,ES.CME.M2018,2680.25,1,SELL
2018-04-24 13:31:15.125,ES.CME.M2018,2680.25,1,SELL
2018-04-24 13:31:15.125,ES.CME.M2018,2680.25,2,SELL
2018-04-24 13:31:15.125,ES.CME.M2018,2680.25,20,SELL
2018-04-24 13:31:15.125,ES.CME.M2018,2680.25,8,SELL
2018-04-24 13:31:15.125,ES.CME.M2018,2680.25,8,SELL
2018-04-24 13:31:15.125,ES.CME.M2018,2680.25,23,SELL
2018-04-24 13:31:15.217,ES.CME.M2018,2680.0,1,SELL
2018-04-24 13:31:15.217,ES.CME.M2018,2680.0,5,SELL
2018-04-24 13:31:15.217,ES.CME.M2018,2680.0,6,SELL
2018-04-24 13:31:15.217,ES.CME.M2018,2680.0,4,SELL
2018-04-24 13:31:15.217,ES.CME.M2018,2680.0,4,SELL
2018-04-24 13:31:15.217,ES.CME.M2018,2680.0,1,SELL
2018-04-24 13:31:15.217,ES.CME.M2018,2680.0,2,SELL
2018-04-24 13:31:15.217,ES.CME.M2018,2680.0,50,SELL
2018-04-24 13:31:15.217,ES.CME.M2018,2680.0,2,SELL
2018-04-24 13:31:15.217,ES.CME.M2018,2680.0,1,SELL
2018-04-24 13:31:15.217,ES.CME.M2018,2680.0,5,SELL
2018-04-24 13:31:15.217,ES.CME.M2018,2680.0,1,SELL
2018-04-24 13:31:15.217,ES.CME.M2018,2680.0,1,SELL
2018-04-24 13:31:15.217,ES.CME.M2018,2680.0,1,SELL
2018-04-24 13:31:15.217,ES.CME.M2018,2680.0,1,SELL
2018-04-24 13:31:15.217,ES.CME.M2018,2680.0,1,SELL
2018-04-24 13:31:15.217,ES.CME.M2018,2680.0,1,SELL
2018-04-24 13:31:15.217,ES.CME.M2018,2680.0,1,SELL
2018-04-24 13:31:15.217,ES.CME.M2018,2680.0,1,SELL
2018-04-24 13:31:15.217,ES.CME.M2018,2680.0,1,SELL
2018-04-24 13:31:15.238,ES.CME.M2018,2680.0,2,SELL
2018-04-24 13:31:15.238,ES.CME.M2018,2680.0,1,SELL
2018-04-24 13:31:15.266,ES.CME.M2018,2680.0,1,SELL
2018-04-24 13:31:15.266,ES.CME.M2018,2680.0,1,SELL
2018-04-24 13:31:15.350,ES.CME.M2018,2680.0,1,SELL
2018-04-24 13:31:15.372,ES.CME.M2018,2680.0,1,SELL
2018-04-24 13:31:15.392,ES.CME.M2018,2680.25,1,BUY
2018-04-24 13:31:15.392,ES.CME.M2018,2680.0,1,SELL
2018-04-24 13:31:15.453,ES.CME.M2018,2680.0,1,SELL
2018-04-24 13:31:15.459,ES.CME.M2018,2680.0,2,SELL
2018-04-24 13:31:15.459,ES.CME.M2018,2680.0,1,SELL
2018-04-24 13:31:15.464,ES.CME.M2018,2680.0,1,SELL
2018-04-24 13:31:15.464,ES.CME.M2018,2680.0,2,SELL
2018-04-24 13:31:15.470,ES.CME.M2018,2680.0,1,SELL
2018-04-24 13:31:15.503,ES.CME.M2018,2680.0,1,SELL
2018-04-24 13:31:15.503,ES.CME.M2018,2680.0,1,SELL
2018-04-24 13:31:15.539,ES.CME.M2018,2680.0,1,SELL
2018-04-24 13:31:15.585,ES.CME.M2018,2680.0,1,SELL
2018-04-24 13:31:15.614,ES.CME.M2018,2680.25,1,BUY
2018-04-24 13:31:15.614,ES.CME.M2018,2680.25,4,BUY
2018-04-24 13:31:15.675,ES.CME.M2018,2680.0,14,SELL
2018-04-24 13:31:15.725,ES.CME.M2018,2680.25,40,BUY
2018-04-24 13:31:15.736,ES.CME.M2018,2680.0,1,SELL
2018-04-24 13:31:15.741,ES.CME.M2018,2680.0,20,SELL
2018-04-24 13:31:15.866,ES.CME.M2018,2680.25,1,BUY
2018-04-24 13:31:15.928,ES.CME.M2018,2680.0,1,SELL
2018-04-24 13:31:15.998,ES.CME.M2018,2680.0,1,SELL
2018-04-24 13:31:16.024,ES.CME.M2018,2680.25,1,BUY
2018-04-24 13:31:16.070,ES.CME.M2018,2680.25,1,BUY
2018-04-24 13:31:16.128,ES.CME.M2018,2680.0,3,SELL
2018-04-24 13:31:16.134,ES.CME.M2018,2680.25,1,BUY
2018-04-24 13:31:16.171,ES.CME.M2018,2680.0,2,SELL
2018-04-24 13:31:16.182,ES.CME.M2018,2680.0,1,SELL
2018-04-24 13:31:16.201,ES.CME.M2018,2680.0,1,SELL
2018-04-24 13:31:16.237,ES.CME.M2018,2680.0,1,SELL
2018-04-24 13:31:16.275,ES.CME.M2018,2680.25,1,BUY
2018-04-24 13:31:16.362,ES.CME.M2018,2680.25,1,BUY
2018-04-24 13:31:16.466,ES.CME.M2018,2680.25,2,BUY
2018-04-24 13:31:16.564,ES.CME.M2018,2680.0,8,SELL
2018-04-24 13:31:16.675,ES.CME.M2018,2680.0,3,SELL
2018-04-24 13:31:16.719,ES.CME.M2018,2680.0,1,SELL
2018-04-24 13:31:16.790,ES.CME.M2018,2680.25,1,BUY
2018-04-24 13:31:16.818,ES.CME.M2018,2680.0,6,SELL
2018-04-24 13:31:16.826,ES.CME.M2018,2680.0,10,SELL
2018-04-24 13:31:17.020,ES.CME.M2018,2680.25,3,BUY
2018-04-24 13:31:17.340,ES.CME.M2018,2680.0,3,SELL
2018-04-24 13:31:17.377,ES.CME.M2018,2680.25,4,BUY
2018-04-24 13:31:17.377,ES.CME.M2018,2680.25,4,BUY
2018-04-24 13:31:17.545,ES.CME.M2018,2680.0,1,SELL
2018-04-24 13:31:17.618,ES.CME.M2018,2680.0,1,SELL
2018-04-24 13:31:17.957,ES.CME.M2018,2680.0,2,SELL
2018-04-24 13:31:17.963,ES.CME.M2018,2680.25,122,BUY
2018-04-24 13:31:17.963,ES.CME.M2018,2680.25,5,BUY
2018-04-24 13:31:17.963,ES.CME.M2018,2680.25,57,BUY
2018-04-24 13:31:17.963,ES.CME.M2018,2680.25,2,SELL
2018-04-24 13:31:17.963,ES.CME.M2018,2680.25,1,SELL
2018-04-24 13:31:17.963,ES.CME.M2018,2680.25,13,SELL
2018-04-24 13:31:17.963,ES.CME.M2018,2680.25,2,SELL
2018-04-24 13:31:17.963,ES.CME.M2018,2680.25,15,SELL
2018-04-24 13:31:17.963,ES.CME.M2018,2680.25,1,SELL
2018-04-24 13:31:17.963,ES.CME.M2018,2680.25,29,SELL
2018-04-24 13:31:17.963,ES.CME.M2018,2680.25,4,BUY
2018-04-24 13:31:17.963,ES.CME.M2018,2680.25,1,BUY
2018-04-24 13:31:17.963,ES.CME.M2018,2680.25,1,BUY
2018-04-24 13:31:17.963,ES.CME.M2018,2680.25,2,BUY
2018-04-24 13:31:17.963,ES.CME.M2018,2680.25,4,BUY
2018-04-24 13:31:17.963,ES.CME.M2018,2680.0,1,SELL
2018-04-24 13:31:17.963,ES.CME.M2018,2680.25,20,BUY
2018-04-24 13:31:17.963,ES.CME.M2018,2680.25,1,BUY
2018-04-24 13:31:17.968,ES.CME.M2018,2680.0,1,SELL
2018-04-24 13:31:18.119,ES.CME.M2018,2680.25,1,BUY
2018-04-24 13:31:18.183,ES.CME.M2018,2680.0,4,SELL
2018-04-24 13:31:18.192,ES.CME.M2018,2680.25,1,BUY
2018-04-24 13:31:18.202,ES.CME.M2018,2680.0,1,SELL
2018-04-24 13:31:18.363,ES.CME.M2018,2680.25,1,BUY
2018-04-24 13:31:18.424,ES.CME.M2018,2680.0,25,SELL
2018-04-24 13:31:18.429,ES.CME.M2018,2680.0,8,SELL
2018-04-24 13:31:18.458,ES.CME.M2018,2680.0,1,SELL
2018-04-24 13:31:18.767,ES.CME.M2018,2680.25,15,BUY
2018-04-24 13:31:18.898,ES.CME.M2018,2680.0,2,SELL
2018-04-24 13:31:18.907,ES.CME.M2018,2680.0,1,SELL
2018-04-24 13:31:18.966,ES.CME.M2018,2680.0,1,SELL
2018-04-24 13:31:19.117,ES.CME.M2018,2680.25,30,BUY
2018-04-24 13:31:19.117,ES.CME.M2018,2680.25,3,BUY
2018-04-24 13:31:19.133,ES.CME.M2018,2680.0,1,SELL
2018-04-24 13:31:19.133,ES.CME.M2018,2680.25,1,BUY
2018-04-24 13:31:19.204,ES.CME.M2018,2680.25,1,BUY
2018-04-24 13:31:19.227,ES.CME.M2018,2680.25,1,BUY
2018-04-24 13:31:19.227,ES.CME.M2018,2680.25,7,BUY
2018-04-24 13:31:19.227,ES.CME.M2018,2680.25,2,BUY
2018-04-24 13:31:19.227,ES.CME.M2018,2680.25,12,SELL
2018-04-24 13:31:19.227,ES.CME.M2018,2680.25,2,SELL
2018-04-24 13:31:19.231,ES.CME.M2018,2680.25,1,SELL
2018-04-24 13:31:19.282,ES.CME.M2018,2680.25,12,SELL
2018-04-24 13:31:19.337,ES.CME.M2018,2680.0,1,SELL
2018-04-24 13:31:19.337,ES.CME.M2018,2680.0,1,SELL
2018-04-24 13:31:19.337,ES.CME.M2018,2680.0,1,SELL
2018-04-24 13:31:19.337,ES.CME.M2018,2680.0,1,SELL
2018-04-24 13:31:19.369,ES.CME.M2018,2680.0,1,SELL
2018-04-24 13:31:19.419,ES.CME.M2018,2680.0,1,SELL
2018-04-24 13:31:19.541,ES.CME.M2018,2680.25,1,BUY
2018-04-24 13:31:19.557,ES.CME.M2018,2680.25,24,BUY
