[{"errors": "{\"symbolId\":\"unknown symbolId\"}", "timestamp": "2017-12-04 19:24:24.235", "trade": {"settlementCounterparty": "COWEN", "side": "sell", "symbolId": "ANTOGB", "gatewayId": "gw-broker-bloomberg@ny-tmx-gws2-prod", "counterpartyClientId": "CPHB", "orderPos": 0, "counterpartyAccountId": "9156311", "counterpartyTime": "2017-12-04T08:00:29.000Z", "type": "trade", "userId": "266", "orderId": "adc66871-a5b3-39a7-8fec-8d0a5942379b", "gwTime": "2017-12-04T08:00:29.915Z", "accountId": "SVG6137.018", "executionCounterparty": "BLOOMBERG", "price": "9.0700", "exchangeOrderId": "5de5a89b-45-000m", "quantity": "13"}, "id": 316, "comment": "validation failure", "state": "new"}, {"errors": "{\"symbolId\":\"unknown symbolId\"}", "timestamp": "2017-12-04 19:24:24.332", "trade": {"settlementCounterparty": "COWEN", "side": "sell", "symbolId": "BBOXGB", "gatewayId": "gw-broker-bloomberg@ny-tmx-gws2-prod", "counterpartyClientId": "CPHB", "orderPos": 0, "counterpartyAccountId": "9156311", "counterpartyTime": "2017-12-04T08:00:37.000Z", "type": "trade", "userId": "266", "orderId": "e4ffd1cf-183b-3cf7-af84-6aa310d9be0d", "gwTime": "2017-12-04T08:00:37.649Z", "accountId": "SVG6137.018", "executionCounterparty": "BLOOMBERG", "price": "1.4490", "exchangeOrderId": "5de5a89b-45-000n", "quantity": "81"}, "id": 317, "comment": "validation failure", "state": "new"}, {"errors": "{\"symbolId\":\"unknown symbolId\"}", "timestamp": "2017-12-04 19:24:24.429", "trade": {"settlementCounterparty": "COWEN", "side": "sell", "symbolId": "ECMGB", "gatewayId": "gw-broker-bloomberg@ny-tmx-gws2-prod", "counterpartyClientId": "CPHB", "orderPos": 0, "counterpartyAccountId": "9156311", "counterpartyTime": "2017-12-04T08:01:10.000Z", "type": "trade", "userId": "266", "orderId": "c27166ec-125a-35a3-b138-2f1e1c80d1ee", "gwTime": "2017-12-04T08:01:10.632Z", "accountId": "SVG6137.018", "executionCounterparty": "BLOOMBERG", "price": "6.2400", "exchangeOrderId": "5de5a89b-45-000q", "quantity": "18"}, "id": 318, "comment": "validation failure", "state": "new"}, {"errors": "{\"symbolId\":\"unknown symbolId\"}", "timestamp": "2017-12-04 19:24:24.526", "trade": {"settlementCounterparty": "COWEN", "side": "sell", "symbolId": "GLENGB", "gatewayId": "gw-broker-bloomberg@ny-tmx-gws2-prod", "counterpartyClientId": "CPHB", "orderPos": 0, "counterpartyAccountId": "9156311", "counterpartyTime": "2017-12-04T08:01:26.000Z", "type": "trade", "userId": "266", "orderId": "c4f41b09-c524-352f-8f69-3884d3e284c8", "gwTime": "2017-12-04T08:01:26.619Z", "accountId": "SVG6137.018", "executionCounterparty": "BLOOMBERG", "price": "3.4345", "exchangeOrderId": "5de5a89b-45-000r", "quantity": "35"}, "id": 319, "comment": "validation failure", "state": "new"}, {"errors": "{\"symbolId\":\"unknown symbolId\"}", "timestamp": "2017-12-04 19:24:24.627", "trade": {"settlementCounterparty": "COWEN", "side": "sell", "symbolId": "GSSGB", "gatewayId": "gw-broker-bloomberg@ny-tmx-gws2-prod", "counterpartyClientId": "CPHB", "orderPos": 0, "counterpartyAccountId": "9156311", "counterpartyTime": "2017-12-04T08:01:59.000Z", "type": "trade", "userId": "266", "orderId": "3d13f735-96fc-3ae8-9817-247b4dbe4e48", "gwTime": "2017-12-04T08:01:59.776Z", "accountId": "SVG6137.018", "executionCounterparty": "BLOOMBERG", "price": "6.8150", "exchangeOrderId": "5de5a89b-45-000s", "quantity": "17"}, "id": 320, "comment": "validation failure", "state": "new"}, {"errors": "{\"symbolId\":\"unknown symbolId\"}", "timestamp": "2017-12-04 19:24:24.715", "trade": {"settlementCounterparty": "COWEN", "side": "sell", "symbolId": "RRGB", "gatewayId": "gw-broker-bloomberg@ny-tmx-gws2-prod", "counterpartyClientId": "CPHB", "orderPos": 0, "counterpartyAccountId": "9156311", "counterpartyTime": "2017-12-04T08:03:04.000Z", "type": "trade", "userId": "266", "orderId": "3258f163-19f5-351a-bd43-6186c14e6ece", "gwTime": "2017-12-04T08:03:05.302Z", "accountId": "SVG6137.018", "executionCounterparty": "BLOOMBERG", "price": "8.5300", "exchangeOrderId": "5de5a89b-45-000v", "quantity": "13"}, "id": 321, "comment": "validation failure", "state": "new"}, {"errors": "{\"symbolId\":\"unknown symbolId\"}", "timestamp": "2017-12-04 19:24:24.828", "trade": {"settlementCounterparty": "COWEN", "side": "buy", "symbolId": "OCDOGB", "gatewayId": "gw-broker-bloomberg@ny-tmx-gws2-prod", "counterpartyClientId": "CPHB", "orderPos": 0, "counterpartyAccountId": "9156311", "counterpartyTime": "2017-12-04T08:03:58.000Z", "type": "trade", "userId": "266", "orderId": "af5a3d0f-08b5-3714-a064-b22fc2e2f516", "gwTime": "2017-12-04T08:03:59.358Z", "accountId": "SVG6137.018", "executionCounterparty": "BLOOMBERG", "price": "3.6550", "exchangeOrderId": "5de5a89b-45-0012", "quantity": "34"}, "id": 322, "comment": "validation failure", "state": "new"}, {"errors": "{\"symbolId\":\"unknown symbolId\"}", "timestamp": "2017-12-04 19:24:24.957", "trade": {"settlementCounterparty": "COWEN", "side": "sell", "symbolId": "MSLHGB", "gatewayId": "gw-broker-bloomberg@ny-tmx-gws2-prod", "counterpartyClientId": "CPHB", "orderPos": 0, "counterpartyAccountId": "9156311", "counterpartyTime": "2017-12-04T08:10:35.000Z", "type": "trade", "userId": "266", "orderId": "cd938821-b861-31e1-b43b-549a5f0595a6", "gwTime": "2017-12-04T08:10:35.647Z", "accountId": "SVG6137.018", "executionCounterparty": "BLOOMBERG", "price": "4.2630", "exchangeOrderId": "5de5a89b-45-000u", "quantity": "29"}, "id": 323, "comment": "validation failure", "state": "new"}, {"errors": "{\"symbolId\":\"unknown symbolId\"}", "timestamp": "2017-12-04 19:24:25.046", "trade": {"settlementCounterparty": "COWEN", "side": "buy", "symbolId": "CWKGB", "gatewayId": "gw-broker-bloomberg@ny-tmx-gws2-prod", "counterpartyClientId": "CPHB", "orderPos": 0, "counterpartyAccountId": "9156311", "counterpartyTime": "2017-12-04T08:13:31.000Z", "type": "trade", "userId": "266", "orderId": "f1ca14ad-5840-381a-b326-97b4bc655dd2", "gwTime": "2017-12-04T08:13:32.077Z", "accountId": "SVG6137.018", "executionCounterparty": "BLOOMBERG", "price": "31.8500", "exchangeOrderId": "5de5a89b-45-0011", "quantity": "2"}, "id": 324, "comment": "validation failure", "state": "new"}, {"errors": "{\"symbolId\":\"unknown symbolId\"}", "timestamp": "2017-12-04 19:24:25.166", "trade": {"settlementCounterparty": "COWEN", "side": "buy", "symbolId": "CWKGB", "gatewayId": "gw-broker-bloomberg@ny-tmx-gws2-prod", "counterpartyClientId": "CPHB", "orderPos": 1, "counterpartyAccountId": "9156311", "counterpartyTime": "2017-12-04T08:13:34.000Z", "type": "trade", "userId": "266", "orderId": "f1ca14ad-5840-381a-b326-97b4bc655dd2", "gwTime": "2017-12-04T08:13:35.055Z", "accountId": "SVG6137.018", "executionCounterparty": "BLOOMBERG", "price": "31.8500", "exchangeOrderId": "5de5a89b-45-0011", "quantity": "1"}, "id": 325, "comment": "validation failure", "state": "new"}, {"errors": "{\"symbolId\":\"unknown symbolId\"}", "timestamp": "2017-12-04 19:24:25.266", "trade": {"settlementCounterparty": "COWEN", "side": "buy", "symbolId": "CAPCGB", "gatewayId": "gw-broker-bloomberg@ny-tmx-gws2-prod", "counterpartyClientId": "CPHB", "orderPos": 0, "counterpartyAccountId": "9156311", "counterpartyTime": "2017-12-04T08:48:40.000Z", "type": "trade", "userId": "266", "orderId": "04df56a2-84c9-38b7-ad9b-5afed9b3d1b1", "gwTime": "2017-12-04T08:48:41.525Z", "accountId": "SVG6137.018", "executionCounterparty": "BLOOMBERG", "price": "2.5910", "exchangeOrderId": "5de5a89b-45-001a", "quantity": "200"}, "id": 326, "comment": "validation failure", "state": "new"}, {"errors": "{\"symbolId\":\"unknown symbolId\"}", "timestamp": "2017-12-04 19:24:25.361", "trade": {"settlementCounterparty": "COWEN", "side": "sell", "symbolId": "CAPFR", "gatewayId": "gw-broker-bloomberg@ny-tmx-gws2-prod", "counterpartyClientId": "CPHB", "orderPos": 0, "counterpartyAccountId": "9156311", "counterpartyTime": "2017-12-04T08:58:21.000Z", "type": "trade", "userId": "266", "orderId": "9300bc54-7c2a-3b11-8d6a-656f04ac9992", "gwTime": "2017-12-04T08:58:21.610Z", "accountId": "SVG6137.018", "executionCounterparty": "BLOOMBERG", "price": "97.4000", "exchangeOrderId": "5de5a89b-45-000z", "quantity": "1"}, "id": 327, "comment": "validation failure", "state": "new"}, {"errors": "{\"symbolId\":\"unknown symbolId\"}", "timestamp": "2017-12-04 19:24:25.489", "trade": {"settlementCounterparty": "COWEN", "side": "sell", "symbolId": "JIIGB", "gatewayId": "gw-broker-bloomberg@ny-tmx-gws2-prod", "counterpartyClientId": "CPHB", "orderPos": 0, "counterpartyAccountId": "9156311", "counterpartyTime": "2017-12-04T09:00:44.000Z", "type": "trade", "userId": "266", "orderId": "4a1c6a7c-2563-3db1-bc66-b1e8c70c1738", "gwTime": "2017-12-04T09:00:44.660Z", "accountId": "SVG6137.018", "executionCounterparty": "BLOOMBERG", "price": "7.2600", "exchangeOrderId": "5de5a89b-45-000t", "quantity": "16"}, "id": 328, "comment": "validation failure", "state": "new"}, {"errors": "{\"symbolId\":\"unknown symbolId\"}", "timestamp": "2017-12-04 19:24:25.585", "trade": {"settlementCounterparty": "COWEN", "side": "buy", "symbolId": "AFFR", "gatewayId": "gw-broker-bloomberg@ny-tmx-gws2-prod", "counterpartyClientId": "CPHB", "orderPos": 0, "counterpartyAccountId": "9156311", "counterpartyTime": "2017-12-04T09:14:33.000Z", "type": "trade", "userId": "266", "orderId": "dc3827a6-024d-390c-8e60-a02e67281f0f", "gwTime": "2017-12-04T09:14:33.322Z", "accountId": "SVG6137.018", "executionCounterparty": "BLOOMBERG", "price": "12.0500", "exchangeOrderId": "5de5a89b-45-001h", "quantity": "1"}, "id": 329, "comment": "validation failure", "state": "new"}, {"errors": "{\"symbolId\":\"unknown symbolId\"}", "timestamp": "2017-12-04 19:24:25.692", "trade": {"settlementCounterparty": "COWEN", "side": "sell", "symbolId": "AFFR", "gatewayId": "gw-broker-bloomberg@ny-tmx-gws2-prod", "counterpartyClientId": "CPHB", "orderPos": 0, "counterpartyAccountId": "9156311", "counterpartyTime": "2017-12-04T09:14:44.000Z", "type": "trade", "userId": "266", "orderId": "15d9ff64-8f45-3d76-87be-1aba25cbf92f", "gwTime": "2017-12-04T09:14:45.419Z", "accountId": "SVG6137.018", "executionCounterparty": "BLOOMBERG", "price": "12.0450", "exchangeOrderId": "5de5a89b-45-001i", "quantity": "1"}, "id": 330, "comment": "validation failure", "state": "new"}, {"errors": "{\"symbolId\":\"unknown symbolId\"}", "timestamp": "2017-12-04 19:24:25.780", "trade": {"settlementCounterparty": "COWEN", "side": "buy", "symbolId": "DEBGB", "gatewayId": "gw-broker-bloomberg@ny-tmx-gws2-prod", "counterpartyClientId": "CPHB", "orderPos": 0, "counterpartyAccountId": "9156311", "counterpartyTime": "2017-12-04T12:32:58.000Z", "type": "trade", "userId": "266", "orderId": "7e3d6328-1dd0-3785-8519-624a58a95d79", "gwTime": "2017-12-04T12:32:59.373Z", "accountId": "SVG6137.018", "executionCounterparty": "BLOOMBERG", "price": "0.3875", "exchangeOrderId": "5de5a89b-45-0022", "quantity": "800"}, "id": 331, "comment": "validation failure", "state": "new"}, {"errors": "{\"symbolId\":\"unknown symbolId\"}", "timestamp": "2017-12-05 15:36:02.920", "trade": {"settlementCounterparty": "COWEN", "side": "buy", "symbolId": "VED.GB", "gatewayId": "gw-broker-bloomberg@ny-tmx-gws2-prod", "counterpartyClientId": "CPHB", "orderPos": 0, "counterpartyAccountId": "9156311", "counterpartyTime": "2017-12-05T15:36:02.000Z", "type": "trade", "userId": "266", "orderId": "8af3ecdb-01e0-39ab-a3d5-73cdebf221ad", "gwTime": "2017-12-05T15:36:02.843Z", "accountId": "SVG6137.018", "executionCounterparty": "BLOOMBERG", "price": "6.5550", "exchangeOrderId": "5df5a89b-45-002s", "quantity": "50"}, "id": 332, "comment": "validation failure", "state": "new"}]